DateTime,Ask,Bid,Ask Volume,Bid Volume
15.09.2023 00:00:00.151,1.06352,1.06349,0,0
15.09.2023 00:00:00.203,1.06354,1.06351,0,0
15.09.2023 00:00:00.307,1.06355,1.06352,0,0
15.09.2023 00:00:00.358,1.06354,1.0635,0,0
15.09.2023 00:00:01.173,1.06355,1.06353,0,0
15.09.2023 00:00:01.531,1.06357,1.06353,0,0
15.09.2023 00:00:01.634,1.06357,1.06354,0,0
15.09.2023 00:00:02.825,1.06358,1.06356,0,0
15.09.2023 00:00:02.928,1.06359,1.06357,0,0
15.09.2023 00:00:03.696,1.06359,1.06356,0,0
15.09.2023 00:00:03.800,1.06359,1.06355,0,0
15.09.2023 00:00:04.107,1.06359,1.06356,0,0
15.09.2023 00:00:04.210,1.06359,1.06357,0,0
15.09.2023 00:00:04.619,1.0636,1.06357,0,0
15.09.2023 00:00:04.772,1.0636,1.06358,0,0
15.09.2023 00:00:05.470,1.06358,1.06356,0,0
15.09.2023 00:00:05.573,1.06357,1.06354,0,0
15.09.2023 00:00:06.293,1.06358,1.06354,0,0
15.09.2023 00:00:06.397,1.06358,1.06355,0,0
15.09.2023 00:00:06.706,1.06357,1.06355,0,0
15.09.2023 00:00:06.808,1.06357,1.06354,0,0
15.09.2023 00:00:08.787,1.06357,1.06353,0,0
15.09.2023 00:00:08.890,1.06356,1.06353,0,0
15.09.2023 00:00:09.061,1.06357,1.06353,0,0
15.09.2023 00:00:09.436,1.06357,1.06354,0,0
15.09.2023 00:00:09.797,1.06357,1.06353,0,0
15.09.2023 00:00:10.496,1.06357,1.06354,0,0
15.09.2023 00:00:11.099,1.06356,1.06354,0,0
15.09.2023 00:00:11.203,1.06356,1.06353,0,0
15.09.2023 00:00:13.802,1.06356,1.06354,0,0
15.09.2023 00:00:14.257,1.06356,1.06353,0,0
15.09.2023 00:00:16.942,1.06354,1.06353,0,0
15.09.2023 00:00:16.996,1.06352,1.06351,0,0
15.09.2023 00:00:17.101,1.0635,1.06348,0,0
15.09.2023 00:00:17.204,1.0635,1.06347,0,0
15.09.2023 00:00:18.787,1.06348,1.06346,0,0
15.09.2023 00:00:18.839,1.06348,1.06345,0,0
15.09.2023 00:00:18.942,1.06348,1.06344,0,0
15.09.2023 00:00:19.626,1.06347,1.06343,0,0
15.09.2023 00:00:22.505,1.06347,1.06344,0,0
15.09.2023 00:00:22.558,1.06349,1.06346,0,0
15.09.2023 00:00:22.888,1.0635,1.06346,0,0
15.09.2023 00:00:22.991,1.0635,1.06347,0,0
15.09.2023 00:00:23.305,1.0635,1.06346,0,0
15.09.2023 00:00:23.407,1.0635,1.06347,0,0
15.09.2023 00:00:23.612,1.0635,1.06346,0,0
15.09.2023 00:00:23.841,1.0635,1.06347,0,0
15.09.2023 00:00:24.605,1.0635,1.06346,0,0
15.09.2023 00:00:24.708,1.0635,1.06347,0,0
15.09.2023 00:00:25.014,1.0635,1.06346,0,0
15.09.2023 00:00:25.540,1.0635,1.06347,0,0
15.09.2023 00:00:25.648,1.0635,1.06346,0,0
15.09.2023 00:00:26.533,1.0635,1.06347,0,0
15.09.2023 00:00:26.635,1.0635,1.06346,0,0
15.09.2023 00:00:26.949,1.0635,1.06347,0,0
15.09.2023 00:00:27.051,1.0635,1.06346,0,0
15.09.2023 00:00:27.154,1.06349,1.06346,0,0
15.09.2023 00:00:27.440,1.06348,1.06345,0,0
15.09.2023 00:00:27.542,1.06347,1.06344,0,0
15.09.2023 00:00:27.645,1.06348,1.06344,0,0
15.09.2023 00:00:27.748,1.06347,1.06343,0,0
15.09.2023 00:00:27.851,1.06348,1.06344,0,0
15.09.2023 00:00:28.025,1.06347,1.06343,0,0
15.09.2023 00:00:30.104,1.06348,1.06344,0,0
15.09.2023 00:00:32.737,1.06348,1.06345,0,0
15.09.2023 00:00:33.339,1.06348,1.06344,0,0
15.09.2023 00:00:34.069,1.06349,1.06346,0,0
15.09.2023 00:00:34.171,1.06349,1.06347,0,0
15.09.2023 00:00:34.376,1.06349,1.06346,0,0
15.09.2023 00:00:34.479,1.06349,1.06347,0,0
15.09.2023 00:00:34.582,1.06349,1.06346,0,0
15.09.2023 00:00:34.686,1.06349,1.06347,0,0
15.09.2023 00:00:35.145,1.06349,1.06346,0,0
15.09.2023 00:00:35.566,1.06349,1.06347,0,0
15.09.2023 00:00:35.669,1.06349,1.06346,0,0
15.09.2023 00:00:36.384,1.06349,1.06347,0,0
15.09.2023 00:00:36.590,1.06351,1.06347,0,0
15.09.2023 00:00:36.914,1.06351,1.06348,0,0
15.09.2023 00:00:36.968,1.06353,1.06349,0,0
15.09.2023 00:00:37.072,1.06357,1.06356,0,0
15.09.2023 00:00:37.124,1.06359,1.06358,0,0
15.09.2023 00:00:37.177,1.06361,1.06359,0,0
15.09.2023 00:00:37.280,1.06361,1.06358,0,0
15.09.2023 00:00:37.384,1.06361,1.06359,0,0
15.09.2023 00:00:37.487,1.06363,1.06362,0,0
15.09.2023 00:00:37.590,1.06365,1.06362,0,0
15.09.2023 00:00:37.707,1.06363,1.0636,0,0
15.09.2023 00:00:38.828,1.06362,1.0636,0,0
15.09.2023 00:00:38.931,1.06362,1.06359,0,0
15.09.2023 00:00:39.877,1.06361,1.06359,0,0
15.09.2023 00:00:40.237,1.0636,1.06357,0,0
15.09.2023 00:00:41.642,1.06355,1.06352,0,0
15.09.2023 00:00:43.224,1.06354,1.06351,0,0
15.09.2023 00:00:43.328,1.06353,1.06351,0,0
15.09.2023 00:00:43.695,1.06352,1.06349,0,0
15.09.2023 00:00:45.477,1.06351,1.06348,0,0
15.09.2023 00:00:45.946,1.0635,1.06348,0,0
15.09.2023 00:00:45.998,1.06348,1.06346,0,0
15.09.2023 00:00:46.695,1.06347,1.06344,0,0
15.09.2023 00:00:49.308,1.06346,1.06343,0,0
15.09.2023 00:00:49.412,1.06345,1.06343,0,0
15.09.2023 00:00:50.512,1.06346,1.06343,0,0
15.09.2023 00:00:50.666,1.06345,1.06342,0,0
15.09.2023 00:00:50.769,1.06345,1.06343,0,0
15.09.2023 00:00:50.872,1.06346,1.06343,0,0
15.09.2023 00:00:51.469,1.06347,1.06346,0,0
15.09.2023 00:00:51.522,1.0635,1.06347,0,0
15.09.2023 00:00:52.100,1.06348,1.06346,0,0
15.09.2023 00:00:52.203,1.06349,1.06346,0,0
15.09.2023 00:00:53.362,1.0635,1.06347,0,0
15.09.2023 00:00:53.465,1.06351,1.06348,0,0
15.09.2023 00:00:56.993,1.06351,1.06349,0,0
15.09.2023 00:00:57.096,1.06353,1.06349,0,0
15.09.2023 00:00:57.808,1.06354,1.06353,0,0
15.09.2023 00:00:57.911,1.06357,1.06354,0,0
15.09.2023 00:00:58.014,1.06358,1.06355,0,0
15.09.2023 00:01:00.153,1.0636,1.06358,0,0
15.09.2023 00:01:00.256,1.06361,1.06359,0,0
15.09.2023 00:01:00.308,1.06362,1.06359,0,0
15.09.2023 00:01:01.108,1.06364,1.0636,0,0
15.09.2023 00:01:03.689,1.06365,1.06362,0,0
15.09.2023 00:01:03.794,1.06364,1.0636,0,0
15.09.2023 00:01:03.948,1.06362,1.0636,0,0
15.09.2023 00:01:04.000,1.06364,1.0636,0,0
15.09.2023 00:01:04.103,1.06362,1.0636,0,0
15.09.2023 00:01:04.852,1.06364,1.0636,0,0
15.09.2023 00:01:07.370,1.06365,1.06362,0,0
15.09.2023 00:01:16.510,1.06366,1.06363,0,0
15.09.2023 00:01:21.292,1.06365,1.06363,0,0
15.09.2023 00:01:23.129,1.06366,1.06363,0,0
15.09.2023 00:01:25.342,1.06365,1.06363,0,0
15.09.2023 00:01:26.244,1.06366,1.06363,0,0
15.09.2023 00:01:26.448,1.06365,1.06363,0,0
15.09.2023 00:01:27.991,1.06362,1.06361,0,0
15.09.2023 00:01:28.094,1.06362,1.0636,0,0
15.09.2023 00:01:30.188,1.06362,1.06359,0,0
15.09.2023 00:01:32.798,1.06363,1.06361,0,0
15.09.2023 00:01:38.197,1.06362,1.06359,0,0
15.09.2023 00:01:38.503,1.06363,1.0636,0,0
15.09.2023 00:01:40.621,1.06364,1.06362,0,0
15.09.2023 00:01:41.152,1.06365,1.06362,0,0
15.09.2023 00:01:43.131,1.06364,1.06362,0,0
15.09.2023 00:01:43.740,1.06365,1.06362,0,0
15.09.2023 00:01:44.210,1.06364,1.06362,0,0
15.09.2023 00:01:45.008,1.06364,1.06361,0,0
15.09.2023 00:01:52.418,1.06363,1.06361,0,0
15.09.2023 00:01:52.869,1.06362,1.0636,0,0
15.09.2023 00:02:01.771,1.06361,1.06359,0,0
15.09.2023 00:02:01.874,1.06362,1.0636,0,0
15.09.2023 00:02:03.066,1.06362,1.06359,0,0
15.09.2023 00:02:03.421,1.06361,1.06359,0,0
15.09.2023 00:02:04.486,1.06362,1.06359,0,0
15.09.2023 00:02:07.601,1.06364,1.06362,0,0
15.09.2023 00:02:07.756,1.06365,1.06362,0,0
15.09.2023 00:02:08.087,1.06366,1.06365,0,0
15.09.2023 00:02:08.190,1.06367,1.06365,0,0
15.09.2023 00:02:08.903,1.06369,1.06368,0,0
15.09.2023 00:02:09.006,1.06371,1.06368,0,0
15.09.2023 00:02:09.160,1.0637,1.06368,0,0
15.09.2023 00:02:09.262,1.06371,1.06368,0,0
15.09.2023 00:02:09.365,1.0637,1.06368,0,0
15.09.2023 00:02:09.682,1.06369,1.06367,0,0
15.09.2023 00:02:13.441,1.06368,1.06367,0,0
15.09.2023 00:02:14.409,1.06369,1.06367,0,0
15.09.2023 00:02:16.030,1.06368,1.06367,0,0
15.09.2023 00:02:16.083,1.06368,1.06365,0,0
15.09.2023 00:02:16.186,1.06367,1.06365,0,0
15.09.2023 00:02:16.912,1.06368,1.06365,0,0
15.09.2023 00:02:19.482,1.06367,1.06365,0,0
15.09.2023 00:02:20.911,1.06368,1.06365,0,0
15.09.2023 00:02:22.858,1.06366,1.06364,0,0
15.09.2023 00:02:26.986,1.06366,1.06365,0,0
15.09.2023 00:02:27.090,1.06366,1.06364,0,0
15.09.2023 00:02:34.407,1.06367,1.06364,0,0
15.09.2023 00:02:38.577,1.06369,1.06368,0,0
15.09.2023 00:02:38.680,1.06371,1.06368,0,0
15.09.2023 00:02:39.555,1.0637,1.06368,0,0
15.09.2023 00:02:40.260,1.06371,1.06368,0,0
15.09.2023 00:02:40.313,1.06373,1.06372,0,0
15.09.2023 00:02:40.416,1.06375,1.06372,0,0
15.09.2023 00:02:41.243,1.06375,1.06373,0,0
15.09.2023 00:02:41.651,1.06375,1.06372,0,0
15.09.2023 00:02:42.536,1.06373,1.06372,0,0
15.09.2023 00:02:52.540,1.06374,1.06372,0,0
15.09.2023 00:02:56.652,1.06376,1.06373,0,0
15.09.2023 00:02:57.621,1.06375,1.06373,0,0
15.09.2023 00:02:58.898,1.06374,1.06373,0,0
15.09.2023 00:02:59.001,1.06375,1.06373,0,0
15.09.2023 00:03:01.016,1.06374,1.06371,0,0
15.09.2023 00:03:07.109,1.06373,1.06371,0,0
15.09.2023 00:03:07.240,1.06373,1.0637,0,0
15.09.2023 00:03:09.963,1.06373,1.06372,0,0
15.09.2023 00:03:10.066,1.06374,1.06372,0,0
15.09.2023 00:03:10.168,1.06375,1.06372,0,0
15.09.2023 00:03:16.770,1.06375,1.06373,0,0
15.09.2023 00:03:17.197,1.06377,1.06376,0,0
15.09.2023 00:03:17.249,1.06379,1.06378,0,0
15.09.2023 00:03:17.381,1.06379,1.06377,0,0
15.09.2023 00:03:17.435,1.0638,1.06378,0,0
15.09.2023 00:03:18.185,1.06379,1.06377,0,0
15.09.2023 00:03:18.289,1.06378,1.06376,0,0
15.09.2023 00:03:18.392,1.06379,1.06376,0,0
15.09.2023 00:03:19.768,1.06378,1.06376,0,0
15.09.2023 00:03:22.915,1.06379,1.06377,0,0
15.09.2023 00:03:23.018,1.0638,1.06378,0,0
15.09.2023 00:03:27.383,1.06378,1.06375,0,0
15.09.2023 00:03:33.752,1.06378,1.06376,0,0
15.09.2023 00:03:35.608,1.06378,1.06375,0,0
15.09.2023 00:03:35.771,1.06378,1.06376,0,0
15.09.2023 00:03:44.704,1.06377,1.06376,0,0
15.09.2023 00:03:44.807,1.06378,1.06376,0,0
15.09.2023 00:03:47.239,1.06377,1.06376,0,0
15.09.2023 00:03:48.110,1.06377,1.06374,0,0
15.09.2023 00:03:49.527,1.06375,1.06373,0,0
15.09.2023 00:03:49.631,1.06373,1.06371,0,0
15.09.2023 00:03:50.187,1.06375,1.06373,0,0
15.09.2023 00:03:53.840,1.06376,1.06374,0,0
15.09.2023 00:03:54.045,1.06378,1.06375,0,0
15.09.2023 00:03:54.149,1.06379,1.06376,0,0
15.09.2023 00:03:54.670,1.06381,1.06378,0,0
15.09.2023 00:03:54.775,1.06382,1.06381,0,0
15.09.2023 00:03:54.878,1.06383,1.06381,0,0
15.09.2023 00:03:57.561,1.06385,1.06382,0,0
15.09.2023 00:04:03.085,1.06383,1.06381,0,0
15.09.2023 00:04:03.189,1.06382,1.06381,0,0
15.09.2023 00:04:04.268,1.06383,1.06382,0,0
15.09.2023 00:04:04.372,1.06385,1.06382,0,0
15.09.2023 00:04:06.880,1.06384,1.06382,0,0
15.09.2023 00:04:06.933,1.06383,1.0638,0,0
15.09.2023 00:04:07.036,1.06382,1.0638,0,0
15.09.2023 00:04:13.844,1.06383,1.0638,0,0
15.09.2023 00:04:21.368,1.06382,1.0638,0,0
15.09.2023 00:04:21.727,1.06383,1.0638,0,0
15.09.2023 00:04:25.979,1.06382,1.0638,0,0
15.09.2023 00:04:26.082,1.06383,1.0638,0,0
15.09.2023 00:04:28.079,1.06382,1.0638,0,0
15.09.2023 00:04:45.306,1.06383,1.06381,0,0
15.09.2023 00:04:45.410,1.06385,1.06382,0,0
15.09.2023 00:04:49.238,1.06385,1.06384,0,0
15.09.2023 00:04:49.291,1.06388,1.06387,0,0
15.09.2023 00:04:49.343,1.06391,1.06389,0,0
15.09.2023 00:04:52.701,1.06393,1.0639,0,0
15.09.2023 00:04:52.804,1.06392,1.06389,0,0
15.09.2023 00:04:53.110,1.06392,1.0639,0,0
15.09.2023 00:04:54.200,1.06391,1.06389,0,0
15.09.2023 00:04:55.127,1.0639,1.06389,0,0
15.09.2023 00:04:55.507,1.06389,1.06387,0,0
15.09.2023 00:04:55.610,1.0639,1.06387,0,0
15.09.2023 00:04:57.237,1.0639,1.06388,0,0
15.09.2023 00:04:57.447,1.06391,1.06388,0,0
15.09.2023 00:05:00.198,1.06391,1.06389,0,0
15.09.2023 00:05:00.995,1.06391,1.06388,0,0
15.09.2023 00:05:01.419,1.06391,1.06389,0,0
15.09.2023 00:05:03.453,1.06391,1.06388,0,0
15.09.2023 00:05:14.114,1.06388,1.06387,0,0
15.09.2023 00:05:14.224,1.06387,1.06385,0,0
15.09.2023 00:05:16.692,1.06388,1.06387,0,0
15.09.2023 00:05:16.795,1.0639,1.06387,0,0
15.09.2023 00:05:17.218,1.06391,1.06388,0,0
15.09.2023 00:05:21.083,1.06392,1.06389,0,0
15.09.2023 00:05:21.135,1.06393,1.06392,0,0
15.09.2023 00:05:21.187,1.06394,1.06393,0,0
15.09.2023 00:05:21.290,1.06395,1.06393,0,0
15.09.2023 00:05:26.079,1.06396,1.06394,0,0
15.09.2023 00:05:26.183,1.06397,1.06395,0,0
15.09.2023 00:05:26.939,1.06398,1.06395,0,0
15.09.2023 00:05:27.683,1.06397,1.06395,0,0
15.09.2023 00:05:28.908,1.06398,1.06396,0,0
15.09.2023 00:05:29.012,1.06399,1.06397,0,0
15.09.2023 00:05:29.898,1.06399,1.06396,0,0
15.09.2023 00:05:30.001,1.06398,1.06396,0,0
15.09.2023 00:05:30.213,1.06397,1.06396,0,0
15.09.2023 00:05:30.626,1.06398,1.06396,0,0
15.09.2023 00:05:32.391,1.06398,1.06397,0,0
15.09.2023 00:05:32.494,1.06399,1.06397,0,0
15.09.2023 00:05:32.597,1.064,1.06397,0,0
15.09.2023 00:05:34.637,1.06401,1.06397,0,0
15.09.2023 00:05:44.694,1.06402,1.064,0,0
15.09.2023 00:05:44.797,1.06403,1.064,0,0
15.09.2023 00:05:45.009,1.06403,1.06399,0,0
15.09.2023 00:05:45.154,1.06402,1.06399,0,0
15.09.2023 00:05:46.945,1.06401,1.06399,0,0
15.09.2023 00:05:47.048,1.06402,1.06399,0,0
15.09.2023 00:05:47.151,1.06401,1.06399,0,0
15.09.2023 00:05:48.055,1.06402,1.06399,0,0
15.09.2023 00:05:51.714,1.06403,1.06399,0,0
15.09.2023 00:05:52.094,1.06402,1.06399,0,0
15.09.2023 00:05:54.137,1.06403,1.06399,0,0
15.09.2023 00:05:57.852,1.06401,1.06399,0,0
15.09.2023 00:05:59.965,1.06402,1.06399,0,0
15.09.2023 00:06:00.256,1.06403,1.06399,0,0
15.09.2023 00:06:00.367,1.06402,1.06399,0,0
15.09.2023 00:06:15.682,1.06403,1.06402,0,0
15.09.2023 00:06:15.787,1.06406,1.06402,0,0
15.09.2023 00:06:17.517,1.06407,1.06406,0,0
15.09.2023 00:06:17.621,1.06408,1.06407,0,0
15.09.2023 00:06:19.003,1.06409,1.06407,0,0
15.09.2023 00:06:19.219,1.06408,1.06406,0,0
15.09.2023 00:06:28.382,1.06408,1.06405,0,0
15.09.2023 00:06:30.368,1.06409,1.06408,0,0
15.09.2023 00:06:30.420,1.0641,1.06408,0,0
15.09.2023 00:06:30.884,1.06411,1.06408,0,0
15.09.2023 00:06:30.987,1.0641,1.06408,0,0
15.09.2023 00:06:31.039,1.0641,1.06406,0,0
15.09.2023 00:06:33.466,1.0641,1.06407,0,0
15.09.2023 00:06:36.903,1.0641,1.06408,0,0
15.09.2023 00:06:37.006,1.0641,1.06409,0,0
15.09.2023 00:06:37.109,1.06411,1.06409,0,0
15.09.2023 00:06:37.212,1.0641,1.06409,0,0
15.09.2023 00:06:37.314,1.06411,1.06409,0,0
15.09.2023 00:06:40.519,1.06412,1.06411,0,0
15.09.2023 00:06:40.622,1.06413,1.0641,0,0
15.09.2023 00:06:40.929,1.06412,1.06409,0,0
15.09.2023 00:06:41.920,1.06413,1.06409,0,0
15.09.2023 00:06:42.910,1.06412,1.06409,0,0
15.09.2023 00:06:51.740,1.06409,1.06408,0,0
15.09.2023 00:06:51.844,1.06408,1.06407,0,0
15.09.2023 00:06:51.947,1.06409,1.06408,0,0
15.09.2023 00:06:52.000,1.06412,1.06408,0,0
15.09.2023 00:07:14.448,1.06411,1.06408,0,0
15.09.2023 00:07:15.389,1.06412,1.06408,0,0
15.09.2023 00:07:16.846,1.06412,1.06409,0,0
15.09.2023 00:07:17.160,1.06412,1.06408,0,0
15.09.2023 00:07:29.172,1.06411,1.06408,0,0
15.09.2023 00:07:32.890,1.0641,1.06408,0,0
15.09.2023 00:07:32.942,1.06408,1.06407,0,0
15.09.2023 00:07:32.995,1.06408,1.06405,0,0
15.09.2023 00:07:36.393,1.06407,1.06404,0,0
15.09.2023 00:07:39.593,1.06408,1.06406,0,0
15.09.2023 00:07:39.696,1.06409,1.06406,0,0
15.09.2023 00:07:40.729,1.0641,1.06407,0,0
15.09.2023 00:07:42.257,1.06409,1.06406,0,0
15.09.2023 00:07:42.360,1.06408,1.06406,0,0
15.09.2023 00:07:43.047,1.06409,1.06406,0,0
15.09.2023 00:07:45.723,1.06408,1.06405,0,0
15.09.2023 00:07:45.979,1.06406,1.06404,0,0
15.09.2023 00:07:46.082,1.06406,1.06403,0,0
15.09.2023 00:07:51.417,1.06408,1.06406,0,0
15.09.2023 00:07:56.285,1.06409,1.06407,0,0
15.09.2023 00:07:56.591,1.06409,1.06408,0,0
15.09.2023 00:08:00.303,1.06409,1.06407,0,0
15.09.2023 00:08:00.439,1.06409,1.06408,0,0
15.09.2023 00:08:00.542,1.06409,1.06407,0,0
15.09.2023 00:08:00.720,1.06409,1.06408,0,0
15.09.2023 00:08:00.823,1.06411,1.06408,0,0
15.09.2023 00:08:02.255,1.06411,1.06409,0,0
15.09.2023 00:08:03.121,1.06411,1.06408,0,0
15.09.2023 00:08:11.117,1.06411,1.06409,0,0
15.09.2023 00:08:12.116,1.06411,1.06408,0,0
15.09.2023 00:08:13.303,1.06412,1.06408,0,0
15.09.2023 00:08:32.455,1.06417,1.06416,0,0
15.09.2023 00:08:32.662,1.0642,1.06417,0,0
15.09.2023 00:08:32.841,1.06421,1.06418,0,0
15.09.2023 00:08:32.945,1.06423,1.06419,0,0
15.09.2023 00:08:33.616,1.06422,1.06419,0,0
15.09.2023 00:08:35.581,1.06423,1.06419,0,0
15.09.2023 00:08:39.376,1.06422,1.06419,0,0
15.09.2023 00:08:39.500,1.06423,1.06419,0,0
15.09.2023 00:08:39.602,1.06422,1.06419,0,0
15.09.2023 00:08:40.965,1.06423,1.06419,0,0
15.09.2023 00:08:42.995,1.06423,1.0642,0,0
15.09.2023 00:08:43.097,1.06423,1.06419,0,0
15.09.2023 00:08:46.064,1.06422,1.06419,0,0
15.09.2023 00:08:47.162,1.06421,1.06418,0,0
15.09.2023 00:08:47.870,1.06418,1.06417,0,0
15.09.2023 00:08:47.973,1.06418,1.06416,0,0
15.09.2023 00:08:48.076,1.06418,1.06415,0,0
15.09.2023 00:08:48.179,1.06417,1.06415,0,0
15.09.2023 00:08:48.323,1.06417,1.06414,0,0
15.09.2023 00:08:48.800,1.06419,1.06416,0,0
15.09.2023 00:08:56.778,1.06419,1.06417,0,0
15.09.2023 00:08:56.831,1.06418,1.06415,0,0
15.09.2023 00:08:57.616,1.06417,1.06414,0,0
15.09.2023 00:08:59.730,1.06418,1.06414,0,0
15.09.2023 00:09:00.563,1.06418,1.06416,0,0
15.09.2023 00:09:00.666,1.06421,1.06417,0,0
15.09.2023 00:09:03.819,1.0642,1.06417,0,0
15.09.2023 00:09:03.922,1.06421,1.06418,0,0
15.09.2023 00:09:04.073,1.06422,1.06418,0,0
15.09.2023 00:09:04.752,1.06422,1.06419,0,0
15.09.2023 00:09:11.903,1.06422,1.06418,0,0
15.09.2023 00:09:12.006,1.06421,1.06418,0,0
15.09.2023 00:09:12.109,1.0642,1.06417,0,0
15.09.2023 00:09:12.783,1.0642,1.06416,0,0
15.09.2023 00:09:13.364,1.06419,1.06416,0,0
15.09.2023 00:09:13.518,1.06418,1.06416,0,0
15.09.2023 00:09:14.432,1.06419,1.06416,0,0
15.09.2023 00:09:15.008,1.06418,1.06416,0,0
15.09.2023 00:09:20.535,1.06419,1.06416,0,0
15.09.2023 00:09:24.928,1.06418,1.06415,0,0
15.09.2023 00:09:26.336,1.06419,1.06416,0,0
15.09.2023 00:09:26.542,1.06419,1.06417,0,0
15.09.2023 00:09:27.377,1.06419,1.06416,0,0
15.09.2023 00:09:28.539,1.06419,1.06417,0,0
15.09.2023 00:09:28.749,1.06421,1.06418,0,0
15.09.2023 00:09:29.306,1.06421,1.06419,0,0
15.09.2023 00:09:29.535,1.06421,1.06418,0,0
15.09.2023 00:09:31.766,1.06423,1.0642,0,0
15.09.2023 00:09:38.285,1.06422,1.0642,0,0
15.09.2023 00:09:38.447,1.06423,1.06422,0,0
15.09.2023 00:09:38.501,1.06425,1.06423,0,0
15.09.2023 00:09:38.604,1.06426,1.06424,0,0
15.09.2023 00:09:38.707,1.06427,1.06424,0,0
15.09.2023 00:09:43.141,1.06428,1.06424,0,0
15.09.2023 00:09:43.874,1.06427,1.06424,0,0
15.09.2023 00:09:46.020,1.06428,1.06424,0,0
15.09.2023 00:09:46.346,1.06427,1.06424,0,0
15.09.2023 00:09:53.200,1.06428,1.06425,0,0
15.09.2023 00:09:53.626,1.06427,1.06424,0,0
15.09.2023 00:09:55.696,1.06428,1.06424,0,0
15.09.2023 00:09:56.879,1.06427,1.06424,0,0
15.09.2023 00:09:58.695,1.06428,1.06425,0,0
15.09.2023 00:10:00.318,1.06427,1.06425,0,0
15.09.2023 00:10:00.421,1.06428,1.06425,0,0
15.09.2023 00:10:00.575,1.06427,1.06425,0,0
15.09.2023 00:10:00.677,1.06428,1.06425,0,0
15.09.2023 00:10:02.356,1.06427,1.06425,0,0
15.09.2023 00:10:02.459,1.06428,1.06425,0,0
15.09.2023 00:10:02.712,1.06427,1.06425,0,0
15.09.2023 00:10:03.316,1.06428,1.06425,0,0
15.09.2023 00:10:09.998,1.06427,1.06425,0,0
15.09.2023 00:10:10.248,1.06428,1.06425,0,0
15.09.2023 00:10:12.726,1.06427,1.06425,0,0
15.09.2023 00:10:14.109,1.06428,1.06425,0,0
15.09.2023 00:10:27.134,1.06428,1.06427,0,0
15.09.2023 00:10:27.238,1.06429,1.06427,0,0
15.09.2023 00:10:32.650,1.06428,1.06427,0,0
15.09.2023 00:10:32.804,1.06428,1.06425,0,0
15.09.2023 00:10:33.261,1.06427,1.06425,0,0
15.09.2023 00:10:33.579,1.06428,1.06427,0,0
15.09.2023 00:10:33.682,1.06429,1.06427,0,0
15.09.2023 00:10:34.447,1.0643,1.06428,0,0
15.09.2023 00:10:44.712,1.06433,1.06431,0,0
15.09.2023 00:10:45.278,1.06433,1.06429,0,0
15.09.2023 00:10:51.559,1.06433,1.06432,0,0
15.09.2023 00:10:51.663,1.06435,1.06432,0,0
15.09.2023 00:10:52.022,1.06436,1.06432,0,0
15.09.2023 00:10:54.149,1.06435,1.06432,0,0
15.09.2023 00:10:54.252,1.06436,1.06433,0,0
15.09.2023 00:10:54.356,1.06437,1.06433,0,0
15.09.2023 00:10:58.737,1.06435,1.06433,0,0
15.09.2023 00:10:58.840,1.06434,1.06431,0,0
15.09.2023 00:10:58.944,1.06434,1.06433,0,0
15.09.2023 00:10:59.047,1.06435,1.06433,0,0
15.09.2023 00:11:00.193,1.06436,1.06433,0,0
15.09.2023 00:11:02.846,1.06437,1.06434,0,0
15.09.2023 00:11:04.411,1.06438,1.06434,0,0
15.09.2023 00:11:07.406,1.06438,1.06436,0,0
15.09.2023 00:11:07.509,1.06439,1.06436,0,0
15.09.2023 00:11:07.612,1.06438,1.06436,0,0
15.09.2023 00:11:09.056,1.06437,1.06436,0,0
15.09.2023 00:11:09.159,1.06438,1.06436,0,0
15.09.2023 00:11:11.485,1.06437,1.06435,0,0
15.09.2023 00:11:15.329,1.06438,1.06436,0,0
15.09.2023 00:11:15.382,1.06434,1.06433,0,0
15.09.2023 00:11:15.434,1.06432,1.06431,0,0
15.09.2023 00:11:15.537,1.06432,1.06429,0,0
15.09.2023 00:11:16.650,1.06429,1.06428,0,0
15.09.2023 00:11:16.754,1.06427,1.06424,0,0
15.09.2023 00:11:27.211,1.06429,1.06427,0,0
15.09.2023 00:11:27.315,1.06431,1.06428,0,0
15.09.2023 00:11:27.427,1.0643,1.06428,0,0
15.09.2023 00:11:28.453,1.06432,1.06428,0,0
15.09.2023 00:11:29.522,1.0643,1.06428,0,0
15.09.2023 00:11:31.151,1.06428,1.06425,0,0
15.09.2023 00:11:31.369,1.06429,1.06425,0,0
15.09.2023 00:11:31.523,1.06427,1.06425,0,0
15.09.2023 00:11:32.605,1.06428,1.06425,0,0
15.09.2023 00:11:32.708,1.06429,1.06425,0,0
15.09.2023 00:11:32.914,1.06428,1.06425,0,0
15.09.2023 00:11:33.608,1.06427,1.06425,0,0
15.09.2023 00:11:34.701,1.06427,1.06424,0,0
15.09.2023 00:11:35.744,1.06428,1.06424,0,0
15.09.2023 00:11:36.405,1.06427,1.06424,0,0
15.09.2023 00:11:42.150,1.06428,1.06424,0,0
15.09.2023 00:11:42.258,1.06429,1.06427,0,0
15.09.2023 00:11:42.364,1.0643,1.06428,0,0
15.09.2023 00:11:44.905,1.06432,1.06428,0,0
15.09.2023 00:11:57.156,1.06433,1.06429,0,0
15.09.2023 00:12:05.173,1.06434,1.06433,0,0
15.09.2023 00:12:05.276,1.06435,1.06433,0,0
15.09.2023 00:12:05.379,1.06437,1.06434,0,0
15.09.2023 00:12:06.581,1.06436,1.06434,0,0
15.09.2023 00:12:07.959,1.06437,1.06434,0,0
15.09.2023 00:12:08.062,1.06435,1.06433,0,0
15.09.2023 00:12:08.350,1.06437,1.06433,0,0
15.09.2023 00:12:12.562,1.06436,1.06433,0,0
15.09.2023 00:12:13.393,1.06433,1.06431,0,0
15.09.2023 00:12:13.496,1.06433,1.06429,0,0
15.09.2023 00:12:14.113,1.06434,1.06429,0,0
15.09.2023 00:12:14.834,1.06433,1.06429,0,0
15.09.2023 00:12:16.420,1.06434,1.06429,0,0
15.09.2023 00:12:16.524,1.06433,1.0643,0,0
15.09.2023 00:12:16.678,1.06433,1.06429,0,0
15.09.2023 00:12:18.223,1.06432,1.06429,0,0
15.09.2023 00:12:36.258,1.06431,1.06429,0,0
15.09.2023 00:12:36.393,1.06432,1.06429,0,0
15.09.2023 00:12:40.083,1.06429,1.06426,0,0
15.09.2023 00:12:40.187,1.06427,1.06425,0,0
15.09.2023 00:12:40.293,1.06428,1.06425,0,0
15.09.2023 00:12:40.396,1.06428,1.06424,0,0
15.09.2023 00:12:45.508,1.06429,1.06424,0,0
15.09.2023 00:12:47.226,1.06428,1.06424,0,0
15.09.2023 00:12:49.972,1.06429,1.06424,0,0
15.09.2023 00:12:51.155,1.06428,1.06424,0,0
15.09.2023 00:12:51.337,1.06429,1.06424,0,0
15.09.2023 00:12:54.531,1.06429,1.06426,0,0
15.09.2023 00:12:54.665,1.0643,1.06428,0,0
15.09.2023 00:12:55.746,1.0643,1.06427,0,0
15.09.2023 00:12:55.854,1.06431,1.06427,0,0
15.09.2023 00:12:56.425,1.06431,1.06428,0,0
15.09.2023 00:12:56.528,1.0643,1.06428,0,0
15.09.2023 00:12:56.682,1.06431,1.06428,0,0
15.09.2023 00:13:00.508,1.06429,1.06427,0,0
15.09.2023 00:13:00.612,1.06428,1.06426,0,0
15.09.2023 00:13:04.598,1.06427,1.06424,0,0
15.09.2023 00:13:25.130,1.06428,1.06426,0,0
15.09.2023 00:13:26.492,1.0643,1.06428,0,0
15.09.2023 00:13:26.596,1.06431,1.06428,0,0
15.09.2023 00:13:26.919,1.0643,1.06428,0,0
15.09.2023 00:13:27.023,1.06428,1.06427,0,0
15.09.2023 00:13:27.125,1.06428,1.06426,0,0
15.09.2023 00:13:30.469,1.06427,1.06424,0,0
15.09.2023 00:13:30.952,1.06426,1.06423,0,0
15.09.2023 00:13:40.126,1.06423,1.06421,0,0
15.09.2023 00:13:40.230,1.06424,1.06421,0,0
15.09.2023 00:13:40.985,1.06423,1.06421,0,0
15.09.2023 00:13:45.735,1.06421,1.06418,0,0
15.09.2023 00:13:47.405,1.06422,1.06419,0,0
15.09.2023 00:13:47.566,1.06422,1.0642,0,0
15.09.2023 00:13:48.559,1.06422,1.06419,0,0
15.09.2023 00:13:51.460,1.06424,1.06422,0,0
15.09.2023 00:13:51.563,1.06423,1.06422,0,0
15.09.2023 00:13:51.819,1.06424,1.06422,0,0
15.09.2023 00:13:52.111,1.06423,1.06422,0,0
15.09.2023 00:13:52.214,1.06424,1.06422,0,0
15.09.2023 00:14:05.693,1.06425,1.06423,0,0
15.09.2023 00:14:16.295,1.06425,1.06422,0,0
15.09.2023 00:14:16.740,1.06423,1.06421,0,0
15.09.2023 00:14:17.795,1.06423,1.0642,0,0
15.09.2023 00:14:21.811,1.06422,1.06419,0,0
15.09.2023 00:14:29.241,1.06421,1.06419,0,0
15.09.2023 00:14:29.345,1.06417,1.06416,0,0
15.09.2023 00:14:29.397,1.06417,1.06414,0,0
15.09.2023 00:14:29.653,1.06418,1.06415,0,0
15.09.2023 00:14:31.589,1.06418,1.06416,0,0
15.09.2023 00:14:31.691,1.06419,1.06416,0,0
15.09.2023 00:14:32.894,1.06418,1.06416,0,0
15.09.2023 00:14:33.162,1.06417,1.06414,0,0
15.09.2023 00:14:34.277,1.06416,1.06414,0,0
15.09.2023 00:14:41.860,1.06417,1.06414,0,0
15.09.2023 00:14:42.388,1.06417,1.06416,0,0
15.09.2023 00:14:42.440,1.06417,1.06414,0,0
15.09.2023 00:14:42.923,1.06419,1.06417,0,0
15.09.2023 00:14:43.026,1.0642,1.06418,0,0
15.09.2023 00:14:44.728,1.0642,1.06417,0,0
15.09.2023 00:14:55.620,1.06421,1.06417,0,0
15.09.2023 00:14:57.180,1.06419,1.06416,0,0
15.09.2023 00:14:57.335,1.06417,1.06415,0,0
15.09.2023 00:14:57.438,1.06417,1.06414,0,0
15.09.2023 00:15:00.338,1.06417,1.06415,0,0
15.09.2023 00:15:00.684,1.06418,1.06415,0,0
15.09.2023 00:15:00.788,1.0642,1.06417,0,0
15.09.2023 00:15:06.213,1.06421,1.0642,0,0
15.09.2023 00:15:06.316,1.06422,1.0642,0,0
15.09.2023 00:15:15.122,1.06421,1.06418,0,0
15.09.2023 00:15:21.812,1.0642,1.06418,0,0
15.09.2023 00:15:23.419,1.06421,1.06418,0,0
15.09.2023 00:15:30.084,1.06421,1.06419,0,0
15.09.2023 00:15:35.215,1.06423,1.06422,0,0
15.09.2023 00:15:35.320,1.06424,1.06421,0,0
15.09.2023 00:15:40.319,1.06425,1.06422,0,0
15.09.2023 00:15:43.875,1.06423,1.06421,0,0
15.09.2023 00:15:44.492,1.06422,1.06421,0,0
15.09.2023 00:15:48.953,1.06423,1.06421,0,0
15.09.2023 00:15:51.450,1.06422,1.06421,0,0
15.09.2023 00:15:51.614,1.06423,1.06421,0,0
15.09.2023 00:15:57.567,1.06422,1.06421,0,0
15.09.2023 00:15:58.856,1.06422,1.06419,0,0
15.09.2023 00:16:01.739,1.06421,1.06417,0,0
15.09.2023 00:16:03.671,1.06421,1.06419,0,0
15.09.2023 00:16:15.666,1.06421,1.06418,0,0
15.09.2023 00:16:20.771,1.06418,1.06417,0,0
15.09.2023 00:16:20.874,1.06418,1.06416,0,0
15.09.2023 00:16:22.192,1.06417,1.06415,0,0
15.09.2023 00:16:28.096,1.06418,1.06416,0,0
15.09.2023 00:16:28.199,1.06419,1.06416,0,0
15.09.2023 00:16:37.079,1.06419,1.06417,0,0
15.09.2023 00:16:37.183,1.0642,1.06417,0,0
15.09.2023 00:16:37.286,1.06421,1.06418,0,0
15.09.2023 00:16:37.552,1.0642,1.06418,0,0
15.09.2023 00:16:43.361,1.06421,1.06418,0,0
15.09.2023 00:16:43.922,1.06421,1.06419,0,0
15.09.2023 00:17:21.134,1.06421,1.06418,0,0
15.09.2023 00:17:31.232,1.06421,1.06419,0,0
15.09.2023 00:17:35.601,1.06422,1.0642,0,0
15.09.2023 00:17:49.384,1.06422,1.06419,0,0
15.09.2023 00:18:08.479,1.06419,1.06417,0,0
15.09.2023 00:18:08.582,1.06419,1.06416,0,0
15.09.2023 00:18:08.788,1.06417,1.06415,0,0
15.09.2023 00:18:09.191,1.06415,1.06414,0,0
15.09.2023 00:18:09.294,1.06413,1.06412,0,0
15.09.2023 00:18:09.403,1.06413,1.06411,0,0
15.09.2023 00:18:12.503,1.06414,1.06411,0,0
15.09.2023 00:18:12.606,1.06413,1.06411,0,0
15.09.2023 00:18:26.191,1.06412,1.06409,0,0
15.09.2023 00:18:30.288,1.06412,1.0641,0,0
15.09.2023 00:18:30.700,1.06411,1.06409,0,0
15.09.2023 00:18:30.805,1.06408,1.06406,0,0
15.09.2023 00:18:30.909,1.06408,1.06405,0,0
15.09.2023 00:18:31.449,1.06408,1.06407,0,0
15.09.2023 00:18:31.553,1.06409,1.06407,0,0
15.09.2023 00:18:31.932,1.0641,1.06407,0,0
15.09.2023 00:18:40.059,1.0641,1.06408,0,0
15.09.2023 00:18:46.634,1.06409,1.06407,0,0
15.09.2023 00:18:46.738,1.06408,1.06407,0,0
15.09.2023 00:18:49.707,1.0641,1.06407,0,0
15.09.2023 00:18:49.811,1.06411,1.06408,0,0
15.09.2023 00:18:52.152,1.0641,1.06407,0,0
15.09.2023 00:18:52.255,1.06411,1.06407,0,0
15.09.2023 00:18:53.425,1.06409,1.06406,0,0
15.09.2023 00:18:56.335,1.06408,1.06406,0,0
15.09.2023 00:18:57.857,1.06408,1.06405,0,0
15.09.2023 00:18:59.954,1.06407,1.06403,0,0
15.09.2023 00:19:00.056,1.06406,1.06403,0,0
15.09.2023 00:19:09.121,1.06405,1.06401,0,0
15.09.2023 00:19:09.276,1.06403,1.06401,0,0
15.09.2023 00:19:09.379,1.06403,1.064,0,0
15.09.2023 00:19:10.327,1.06404,1.064,0,0
15.09.2023 00:19:10.431,1.06406,1.06403,0,0
15.09.2023 00:19:10.534,1.06407,1.06403,0,0
15.09.2023 00:19:10.637,1.06406,1.06403,0,0
15.09.2023 00:19:11.552,1.06407,1.06403,0,0
15.09.2023 00:19:12.017,1.06408,1.06405,0,0
15.09.2023 00:19:13.684,1.06409,1.06407,0,0
15.09.2023 00:19:13.787,1.0641,1.06407,0,0
15.09.2023 00:19:16.483,1.06412,1.06407,0,0
15.09.2023 00:19:20.584,1.06411,1.06407,0,0
15.09.2023 00:19:21.584,1.06412,1.06408,0,0
15.09.2023 00:19:23.253,1.06408,1.06407,0,0
15.09.2023 00:19:23.355,1.06408,1.06406,0,0
15.09.2023 00:19:24.370,1.06409,1.06406,0,0
15.09.2023 00:19:27.346,1.06409,1.06407,0,0
15.09.2023 00:19:27.448,1.0641,1.06407,0,0
15.09.2023 00:19:33.401,1.06409,1.06406,0,0
15.09.2023 00:19:33.504,1.06408,1.06406,0,0
15.09.2023 00:19:33.557,1.06407,1.06404,0,0
15.09.2023 00:19:33.660,1.06406,1.06403,0,0
15.09.2023 00:19:44.961,1.06407,1.06403,0,0
15.09.2023 00:19:46.143,1.06406,1.06403,0,0
15.09.2023 00:19:49.866,1.06407,1.06403,0,0
15.09.2023 00:19:49.968,1.06406,1.06403,0,0
15.09.2023 00:19:50.071,1.06407,1.06403,0,0
15.09.2023 00:20:00.232,1.06405,1.06401,0,0
15.09.2023 00:20:00.335,1.06403,1.06401,0,0
15.09.2023 00:20:00.438,1.06403,1.064,0,0
15.09.2023 00:20:00.694,1.06402,1.064,0,0
15.09.2023 00:20:01.001,1.06403,1.064,0,0
15.09.2023 00:20:02.674,1.06402,1.064,0,0
15.09.2023 00:20:02.779,1.06403,1.06401,0,0
15.09.2023 00:20:02.883,1.06405,1.06402,0,0
15.09.2023 00:20:02.986,1.06407,1.06403,0,0
15.09.2023 00:20:07.146,1.06406,1.06403,0,0
15.09.2023 00:20:07.301,1.06407,1.06403,0,0
15.09.2023 00:20:07.423,1.06406,1.06403,0,0
15.09.2023 00:20:09.855,1.06407,1.06403,0,0
15.09.2023 00:20:12.899,1.06406,1.06403,0,0
15.09.2023 00:20:13.002,1.06408,1.06407,0,0
15.09.2023 00:20:13.106,1.06409,1.06407,0,0
15.09.2023 00:20:13.158,1.06411,1.06408,0,0
15.09.2023 00:20:13.985,1.06412,1.06409,0,0
15.09.2023 00:20:15.048,1.06412,1.0641,0,0
15.09.2023 00:20:15.101,1.06413,1.06412,0,0
15.09.2023 00:20:15.153,1.06415,1.06412,0,0
15.09.2023 00:20:15.256,1.06416,1.06413,0,0
15.09.2023 00:20:15.850,1.06417,1.06413,0,0
15.09.2023 00:20:16.012,1.06416,1.06413,0,0
15.09.2023 00:20:16.147,1.06417,1.06413,0,0
15.09.2023 00:20:16.353,1.06416,1.06413,0,0
15.09.2023 00:20:16.469,1.06417,1.06413,0,0
15.09.2023 00:20:19.717,1.06417,1.06414,0,0
15.09.2023 00:20:19.820,1.06417,1.06413,0,0
15.09.2023 00:20:19.923,1.06417,1.06414,0,0
15.09.2023 00:20:20.027,1.06417,1.06413,0,0
15.09.2023 00:20:20.901,1.06416,1.06413,0,0
15.09.2023 00:20:22.513,1.06417,1.06413,0,0
15.09.2023 00:20:23.455,1.06417,1.06414,0,0
15.09.2023 00:20:24.798,1.06418,1.06417,0,0
15.09.2023 00:20:24.902,1.06419,1.06417,0,0
15.09.2023 00:20:25.016,1.0642,1.06417,0,0
15.09.2023 00:20:30.140,1.06419,1.06415,0,0
15.09.2023 00:20:30.243,1.06418,1.06415,0,0
15.09.2023 00:20:30.734,1.06418,1.06417,0,0
15.09.2023 00:20:30.786,1.0642,1.06417,0,0
15.09.2023 00:20:31.414,1.06419,1.06416,0,0
15.09.2023 00:20:31.822,1.0642,1.06416,0,0
15.09.2023 00:20:32.696,1.0642,1.06417,0,0
15.09.2023 00:20:33.053,1.06421,1.06417,0,0
15.09.2023 00:20:33.106,1.06418,1.06415,0,0
15.09.2023 00:20:33.208,1.06418,1.06414,0,0
15.09.2023 00:20:37.729,1.06417,1.06414,0,0
15.09.2023 00:20:37.832,1.06416,1.06414,0,0
15.09.2023 00:20:40.929,1.06415,1.06412,0,0
15.09.2023 00:20:41.031,1.06415,1.06411,0,0
15.09.2023 00:20:41.186,1.06413,1.06411,0,0
15.09.2023 00:20:41.289,1.06412,1.06409,0,0
15.09.2023 00:20:52.675,1.06408,1.06406,0,0
15.09.2023 00:20:52.830,1.06409,1.06406,0,0
15.09.2023 00:20:52.933,1.06408,1.06406,0,0
15.09.2023 00:21:00.194,1.06409,1.06406,0,0
15.09.2023 00:21:00.812,1.06408,1.06406,0,0
15.09.2023 00:21:02.389,1.06407,1.06404,0,0
15.09.2023 00:21:03.591,1.06408,1.06405,0,0
15.09.2023 00:21:03.741,1.06407,1.06405,0,0
15.09.2023 00:21:06.074,1.06408,1.06405,0,0
15.09.2023 00:21:11.365,1.06407,1.06405,0,0
15.09.2023 00:21:12.683,1.06408,1.06405,0,0
15.09.2023 00:21:13.269,1.06407,1.06404,0,0
15.09.2023 00:21:13.373,1.06406,1.06404,0,0
15.09.2023 00:21:13.960,1.06406,1.06403,0,0
15.09.2023 00:21:14.064,1.06405,1.06402,0,0
15.09.2023 00:21:14.166,1.06405,1.06401,0,0
15.09.2023 00:21:17.781,1.06403,1.06401,0,0
15.09.2023 00:21:17.885,1.06402,1.064,0,0
15.09.2023 00:21:18.040,1.06401,1.06399,0,0
15.09.2023 00:21:21.447,1.06402,1.064,0,0
15.09.2023 00:21:21.553,1.06401,1.06399,0,0
15.09.2023 00:21:21.655,1.06402,1.064,0,0
15.09.2023 00:21:21.910,1.06401,1.06399,0,0
15.09.2023 00:21:25.408,1.06403,1.064,0,0
15.09.2023 00:21:27.135,1.06401,1.064,0,0
15.09.2023 00:21:27.339,1.06403,1.064,0,0
15.09.2023 00:21:27.818,1.06403,1.06399,0,0
15.09.2023 00:21:28.866,1.06402,1.06398,0,0
15.09.2023 00:21:28.969,1.06401,1.06398,0,0
15.09.2023 00:21:29.512,1.06402,1.06398,0,0
15.09.2023 00:21:29.820,1.06401,1.06398,0,0
15.09.2023 00:21:29.923,1.06402,1.06398,0,0
15.09.2023 00:21:30.084,1.06401,1.06398,0,0
15.09.2023 00:21:30.611,1.06402,1.06398,0,0
15.09.2023 00:21:30.714,1.06401,1.06398,0,0
15.09.2023 00:21:35.729,1.06402,1.06398,0,0
15.09.2023 00:21:38.006,1.06401,1.06398,0,0
15.09.2023 00:21:38.827,1.06402,1.06398,0,0
15.09.2023 00:21:38.880,1.06403,1.06401,0,0
15.09.2023 00:21:38.984,1.06406,1.06402,0,0
15.09.2023 00:21:41.251,1.06407,1.06403,0,0
15.09.2023 00:21:41.353,1.06406,1.06403,0,0
15.09.2023 00:21:41.749,1.06407,1.06403,0,0
15.09.2023 00:21:42.820,1.06406,1.06403,0,0
15.09.2023 00:21:42.923,1.06407,1.06403,0,0
15.09.2023 00:21:54.019,1.06406,1.06403,0,0
15.09.2023 00:21:54.385,1.06407,1.06403,0,0
15.09.2023 00:22:06.746,1.06406,1.06403,0,0
15.09.2023 00:22:07.062,1.06403,1.06401,0,0
15.09.2023 00:22:07.216,1.06403,1.064,0,0
15.09.2023 00:22:08.787,1.06405,1.06402,0,0
15.09.2023 00:22:08.890,1.06406,1.06402,0,0
15.09.2023 00:22:15.930,1.06405,1.06402,0,0
15.09.2023 00:22:25.982,1.06404,1.06402,0,0
15.09.2023 00:22:26.034,1.06403,1.064,0,0
15.09.2023 00:22:35.996,1.06403,1.06399,0,0
15.09.2023 00:22:37.818,1.06402,1.06399,0,0
15.09.2023 00:22:40.001,1.06403,1.06399,0,0
15.09.2023 00:22:41.113,1.06402,1.06399,0,0
15.09.2023 00:22:43.102,1.06403,1.06399,0,0
15.09.2023 00:22:51.305,1.06402,1.06399,0,0
15.09.2023 00:22:52.168,1.06403,1.06399,0,0
15.09.2023 00:22:53.868,1.06402,1.06399,0,0
15.09.2023 00:22:53.970,1.06403,1.06399,0,0
15.09.2023 00:22:56.670,1.06402,1.06399,0,0
15.09.2023 00:22:56.773,1.06401,1.06399,0,0
15.09.2023 00:22:56.900,1.06401,1.06397,0,0
15.09.2023 00:22:57.156,1.064,1.06397,0,0
15.09.2023 00:22:57.361,1.06399,1.06397,0,0
15.09.2023 00:23:01.673,1.064,1.06397,0,0
15.09.2023 00:23:03.251,1.06399,1.06395,0,0
15.09.2023 00:23:03.354,1.06398,1.06395,0,0
15.09.2023 00:23:03.457,1.06398,1.06394,0,0
15.09.2023 00:23:04.760,1.06398,1.06395,0,0
15.09.2023 00:23:06.614,1.06398,1.06394,0,0
15.09.2023 00:23:09.145,1.06397,1.06394,0,0
15.09.2023 00:23:16.527,1.06399,1.06397,0,0
15.09.2023 00:23:16.630,1.064,1.06397,0,0
15.09.2023 00:23:19.904,1.064,1.06398,0,0
15.09.2023 00:23:20.186,1.064,1.06397,0,0
15.09.2023 00:23:41.489,1.06398,1.06395,0,0
15.09.2023 00:23:41.644,1.06397,1.06394,0,0
15.09.2023 00:23:47.314,1.06395,1.06393,0,0
15.09.2023 00:24:20.053,1.06396,1.06393,0,0
15.09.2023 00:24:25.629,1.06397,1.06393,0,0
15.09.2023 00:24:37.257,1.06396,1.06393,0,0
15.09.2023 00:24:38.409,1.06397,1.06393,0,0
15.09.2023 00:24:42.018,1.06396,1.06393,0,0
15.09.2023 00:24:42.940,1.06397,1.06393,0,0
15.09.2023 00:24:47.842,1.06396,1.06393,0,0
15.09.2023 00:24:49.056,1.06397,1.06393,0,0
15.09.2023 00:24:57.724,1.06396,1.06393,0,0
15.09.2023 00:24:57.827,1.06397,1.06393,0,0
15.09.2023 00:25:03.312,1.06396,1.06393,0,0
15.09.2023 00:25:03.415,1.06397,1.06393,0,0
15.09.2023 00:25:06.610,1.06397,1.06396,0,0
15.09.2023 00:25:06.662,1.06403,1.06402,0,0
15.09.2023 00:25:06.714,1.06405,1.06402,0,0
15.09.2023 00:25:06.869,1.06406,1.06403,0,0
15.09.2023 00:25:08.507,1.06407,1.06403,0,0
15.09.2023 00:25:08.661,1.06406,1.06403,0,0
15.09.2023 00:25:09.291,1.06407,1.06403,0,0
15.09.2023 00:25:09.446,1.06406,1.06403,0,0
15.09.2023 00:25:09.821,1.06403,1.06402,0,0
15.09.2023 00:25:09.924,1.06403,1.06401,0,0
15.09.2023 00:25:10.027,1.06403,1.064,0,0
15.09.2023 00:25:10.130,1.06402,1.06399,0,0
15.09.2023 00:25:31.699,1.06401,1.06398,0,0
15.09.2023 00:25:37.201,1.06398,1.06397,0,0
15.09.2023 00:25:37.304,1.06398,1.06396,0,0
15.09.2023 00:25:38.606,1.06399,1.06396,0,0
15.09.2023 00:25:38.746,1.06398,1.06396,0,0
15.09.2023 00:25:43.241,1.06399,1.06396,0,0
15.09.2023 00:25:43.899,1.06398,1.06396,0,0
15.09.2023 00:25:48.135,1.06397,1.06394,0,0
15.09.2023 00:25:50.712,1.06398,1.06394,0,0
15.09.2023 00:25:51.648,1.06396,1.06394,0,0
15.09.2023 00:25:53.081,1.06397,1.06394,0,0
15.09.2023 00:25:53.337,1.06396,1.06394,0,0
15.09.2023 00:25:54.031,1.06397,1.06394,0,0
15.09.2023 00:25:55.004,1.06396,1.06394,0,0
15.09.2023 00:25:55.959,1.06397,1.06394,0,0
15.09.2023 00:26:00.638,1.06396,1.06394,0,0
15.09.2023 00:26:00.741,1.06397,1.06394,0,0
15.09.2023 00:26:04.412,1.06396,1.06394,0,0
15.09.2023 00:26:06.874,1.06397,1.06394,0,0
15.09.2023 00:26:11.283,1.06398,1.06394,0,0
15.09.2023 00:26:13.622,1.06398,1.06395,0,0
15.09.2023 00:26:13.811,1.06398,1.06394,0,0
15.09.2023 00:26:14.494,1.06398,1.06395,0,0
15.09.2023 00:26:16.974,1.06398,1.06394,0,0
15.09.2023 00:26:17.077,1.06397,1.06394,0,0
15.09.2023 00:26:17.191,1.06398,1.06394,0,0
15.09.2023 00:26:21.375,1.06397,1.06394,0,0
15.09.2023 00:26:21.529,1.06398,1.06396,0,0
15.09.2023 00:26:21.633,1.06401,1.06398,0,0
15.09.2023 00:26:23.399,1.06401,1.06399,0,0
15.09.2023 00:26:25.277,1.06401,1.06398,0,0
15.09.2023 00:26:26.537,1.06401,1.06399,0,0
15.09.2023 00:26:26.700,1.06401,1.06398,0,0
15.09.2023 00:26:27.197,1.06403,1.06399,0,0
15.09.2023 00:26:27.250,1.06404,1.06401,0,0
15.09.2023 00:26:30.437,1.06402,1.064,0,0
15.09.2023 00:26:30.541,1.06402,1.06399,0,0
15.09.2023 00:26:34.060,1.06402,1.06398,0,0
15.09.2023 00:26:36.060,1.06401,1.06398,0,0
15.09.2023 00:26:36.163,1.06402,1.06398,0,0
15.09.2023 00:26:43.239,1.06402,1.06399,0,0
15.09.2023 00:26:50.357,1.06403,1.06399,0,0
15.09.2023 00:26:50.460,1.06403,1.064,0,0
15.09.2023 00:26:53.857,1.06403,1.06399,0,0
15.09.2023 00:26:59.552,1.06403,1.064,0,0
15.09.2023 00:27:05.152,1.06402,1.064,0,0
15.09.2023 00:27:05.696,1.06403,1.064,0,0
15.09.2023 00:27:06.048,1.06402,1.064,0,0
15.09.2023 00:27:07.746,1.06403,1.064,0,0
15.09.2023 00:27:09.208,1.06403,1.06402,0,0
15.09.2023 00:27:09.312,1.06405,1.06402,0,0
15.09.2023 00:27:09.885,1.06404,1.06401,0,0
15.09.2023 00:27:09.989,1.06403,1.06401,0,0
15.09.2023 00:27:10.971,1.06403,1.064,0,0
15.09.2023 00:27:11.075,1.06402,1.06399,0,0
15.09.2023 00:27:11.291,1.06402,1.06398,0,0
15.09.2023 00:27:11.395,1.06402,1.06399,0,0
15.09.2023 00:27:11.824,1.06402,1.064,0,0
15.09.2023 00:27:11.928,1.06403,1.064,0,0
15.09.2023 00:27:18.769,1.06405,1.06402,0,0
15.09.2023 00:27:18.872,1.06406,1.06403,0,0
15.09.2023 00:27:29.124,1.06404,1.06402,0,0
15.09.2023 00:27:29.329,1.06403,1.06402,0,0
15.09.2023 00:27:29.432,1.06404,1.064,0,0
15.09.2023 00:27:30.466,1.06403,1.064,0,0
15.09.2023 00:27:30.620,1.064,1.06399,0,0
15.09.2023 00:27:30.775,1.064,1.06397,0,0
15.09.2023 00:27:30.878,1.06399,1.06396,0,0
15.09.2023 00:27:30.930,1.06398,1.06394,0,0
15.09.2023 00:27:31.084,1.06397,1.06394,0,0
15.09.2023 00:27:32.817,1.06398,1.06395,0,0
15.09.2023 00:27:32.921,1.06399,1.06396,0,0
15.09.2023 00:27:33.126,1.064,1.06396,0,0
15.09.2023 00:27:33.733,1.06399,1.06395,0,0
15.09.2023 00:27:33.836,1.06398,1.06395,0,0
15.09.2023 00:27:34.587,1.06398,1.06396,0,0
15.09.2023 00:27:34.904,1.06398,1.06395,0,0
15.09.2023 00:27:35.159,1.06398,1.06394,0,0
15.09.2023 00:27:35.560,1.06397,1.06394,0,0
15.09.2023 00:27:36.154,1.06396,1.06394,0,0
15.09.2023 00:27:39.632,1.06393,1.06392,0,0
15.09.2023 00:27:39.737,1.06393,1.06391,0,0
15.09.2023 00:27:45.740,1.06392,1.06389,0,0
15.09.2023 00:27:46.628,1.06391,1.06389,0,0
15.09.2023 00:27:47.335,1.06392,1.06389,0,0
15.09.2023 00:27:53.832,1.06392,1.06388,0,0
15.09.2023 00:27:54.036,1.06391,1.06388,0,0
15.09.2023 00:27:54.758,1.06392,1.06388,0,0
15.09.2023 00:27:57.729,1.06393,1.06389,0,0
15.09.2023 00:27:57.888,1.06392,1.06389,0,0
15.09.2023 00:28:10.014,1.06394,1.06392,0,0
15.09.2023 00:28:10.117,1.06395,1.06393,0,0
15.09.2023 00:28:10.220,1.06394,1.06391,0,0
15.09.2023 00:28:10.323,1.06393,1.06391,0,0
15.09.2023 00:28:10.757,1.06393,1.0639,0,0
15.09.2023 00:28:11.114,1.06394,1.0639,0,0
15.09.2023 00:28:12.869,1.06394,1.06392,0,0
15.09.2023 00:28:12.972,1.06395,1.06393,0,0
15.09.2023 00:28:14.548,1.06396,1.06393,0,0
15.09.2023 00:28:14.931,1.06395,1.06393,0,0
15.09.2023 00:28:15.587,1.06396,1.06393,0,0
15.09.2023 00:28:17.028,1.06395,1.06393,0,0
15.09.2023 00:28:19.521,1.06394,1.06393,0,0
15.09.2023 00:28:19.688,1.06395,1.06393,0,0
15.09.2023 00:28:19.877,1.06394,1.06393,0,0
15.09.2023 00:28:23.807,1.06394,1.06392,0,0
15.09.2023 00:28:29.669,1.06393,1.06391,0,0
15.09.2023 00:28:29.722,1.06392,1.06389,0,0
15.09.2023 00:28:29.902,1.0639,1.06388,0,0
15.09.2023 00:28:30.005,1.0639,1.06387,0,0
15.09.2023 00:28:30.109,1.06388,1.06387,0,0
15.09.2023 00:28:30.212,1.06389,1.06387,0,0
15.09.2023 00:28:30.520,1.06388,1.06387,0,0
15.09.2023 00:28:30.623,1.06389,1.06387,0,0
15.09.2023 00:28:30.726,1.06388,1.06386,0,0
15.09.2023 00:28:31.658,1.06388,1.06385,0,0
15.09.2023 00:28:32.290,1.06386,1.06384,0,0
15.09.2023 00:28:32.715,1.06387,1.06384,0,0
15.09.2023 00:28:33.789,1.06386,1.06384,0,0
15.09.2023 00:28:34.204,1.06388,1.06384,0,0
15.09.2023 00:28:34.307,1.06387,1.06384,0,0
15.09.2023 00:28:34.958,1.06388,1.06384,0,0
15.09.2023 00:28:37.062,1.06388,1.06385,0,0
15.09.2023 00:28:37.864,1.06389,1.06385,0,0
15.09.2023 00:28:37.967,1.06388,1.06385,0,0
15.09.2023 00:28:39.209,1.0639,1.06387,0,0
15.09.2023 00:28:39.312,1.06391,1.06387,0,0
15.09.2023 00:28:39.683,1.06391,1.06388,0,0
15.09.2023 00:28:39.735,1.06393,1.06389,0,0
15.09.2023 00:28:39.890,1.06392,1.06388,0,0
15.09.2023 00:28:42.694,1.06393,1.06391,0,0
15.09.2023 00:28:42.797,1.06394,1.06391,0,0
15.09.2023 00:28:42.900,1.06395,1.06391,0,0
15.09.2023 00:28:43.004,1.06394,1.06391,0,0
15.09.2023 00:28:45.662,1.06393,1.06391,0,0
15.09.2023 00:28:47.306,1.06393,1.0639,0,0
15.09.2023 00:28:50.134,1.06392,1.0639,0,0
15.09.2023 00:28:51.486,1.06391,1.06388,0,0
15.09.2023 00:28:51.793,1.06389,1.06388,0,0
15.09.2023 00:28:52.836,1.06389,1.06386,0,0
15.09.2023 00:28:52.940,1.06388,1.06386,0,0
15.09.2023 00:28:53.043,1.06387,1.06384,0,0
15.09.2023 00:28:53.197,1.06386,1.06384,0,0
15.09.2023 00:28:53.300,1.06387,1.06384,0,0
15.09.2023 00:28:54.150,1.06388,1.06384,0,0
15.09.2023 00:28:54.253,1.06387,1.06384,0,0
15.09.2023 00:28:54.458,1.06388,1.06384,0,0
15.09.2023 00:28:54.562,1.06387,1.06384,0,0
15.09.2023 00:28:54.745,1.06387,1.06385,0,0
15.09.2023 00:28:54.905,1.06388,1.06385,0,0
15.09.2023 00:28:57.331,1.06387,1.06385,0,0
15.09.2023 00:28:59.847,1.06388,1.06385,0,0
15.09.2023 00:28:59.899,1.06386,1.06384,0,0
15.09.2023 00:29:00.104,1.06387,1.06385,0,0
15.09.2023 00:29:00.780,1.06386,1.06384,0,0
15.09.2023 00:29:00.920,1.06387,1.06385,0,0
15.09.2023 00:29:01.023,1.06386,1.06384,0,0
15.09.2023 00:29:01.181,1.06387,1.06385,0,0
15.09.2023 00:29:01.850,1.06386,1.06384,0,0
15.09.2023 00:29:03.648,1.06387,1.06385,0,0
15.09.2023 00:29:05.146,1.06386,1.06385,0,0
15.09.2023 00:29:05.300,1.06387,1.06385,0,0
15.09.2023 00:29:06.450,1.06386,1.06384,0,0
15.09.2023 00:29:08.552,1.06387,1.06385,0,0
15.09.2023 00:29:08.847,1.06386,1.06384,0,0
15.09.2023 00:29:08.950,1.06387,1.06385,0,0
15.09.2023 00:29:10.310,1.06386,1.06384,0,0
15.09.2023 00:29:14.148,1.06387,1.06385,0,0
15.09.2023 00:29:14.394,1.06386,1.06384,0,0
15.09.2023 00:29:14.906,1.06387,1.06385,0,0
15.09.2023 00:29:15.767,1.06386,1.06384,0,0
15.09.2023 00:29:17.369,1.06387,1.06385,0,0
15.09.2023 00:29:21.637,1.06386,1.06384,0,0
15.09.2023 00:29:26.566,1.06387,1.06385,0,0
15.09.2023 00:29:26.677,1.06386,1.06384,0,0
15.09.2023 00:29:29.733,1.06385,1.06383,0,0
15.09.2023 00:29:29.839,1.06384,1.06382,0,0
15.09.2023 00:29:29.943,1.06384,1.06381,0,0
15.09.2023 00:29:30.097,1.06383,1.06381,0,0
15.09.2023 00:29:30.199,1.06384,1.06381,0,0
15.09.2023 00:29:30.456,1.06385,1.06382,0,0
15.09.2023 00:29:30.559,1.06386,1.06382,0,0
15.09.2023 00:29:32.398,1.06387,1.06383,0,0
15.09.2023 00:29:32.501,1.06386,1.06382,0,0
15.09.2023 00:29:33.047,1.06387,1.06383,0,0
15.09.2023 00:29:33.372,1.06386,1.06382,0,0
15.09.2023 00:29:40.445,1.06386,1.06383,0,0
15.09.2023 00:29:42.662,1.06388,1.06386,0,0
15.09.2023 00:29:42.765,1.06389,1.06386,0,0
15.09.2023 00:29:47.006,1.06389,1.06388,0,0
15.09.2023 00:29:47.058,1.06391,1.06388,0,0
15.09.2023 00:29:48.355,1.06392,1.06388,0,0
15.09.2023 00:29:50.032,1.06391,1.06388,0,0
15.09.2023 00:29:58.415,1.06392,1.06388,0,0
15.09.2023 00:30:00.082,1.06392,1.0639,0,0
15.09.2023 00:30:00.185,1.06393,1.0639,0,0
15.09.2023 00:30:01.860,1.06392,1.0639,0,0
15.09.2023 00:30:01.962,1.06393,1.0639,0,0
15.09.2023 00:30:02.755,1.06392,1.0639,0,0
15.09.2023 00:30:04.455,1.06391,1.0639,0,0
15.09.2023 00:30:04.507,1.06388,1.06387,0,0
15.09.2023 00:30:04.610,1.06388,1.06386,0,0
15.09.2023 00:30:04.714,1.06386,1.06384,0,0
15.09.2023 00:30:04.816,1.06387,1.06384,0,0
15.09.2023 00:30:05.122,1.06386,1.06384,0,0
15.09.2023 00:30:05.689,1.06387,1.06384,0,0
15.09.2023 00:30:07.039,1.06386,1.06384,0,0
15.09.2023 00:30:07.142,1.06387,1.06384,0,0
15.09.2023 00:30:07.418,1.06388,1.06384,0,0
15.09.2023 00:30:08.903,1.06387,1.06384,0,0
15.09.2023 00:30:09.341,1.06388,1.06384,0,0
15.09.2023 00:30:11.527,1.06386,1.06384,0,0
15.09.2023 00:30:11.885,1.06387,1.06384,0,0
15.09.2023 00:30:12.039,1.06386,1.06384,0,0
15.09.2023 00:30:15.894,1.06388,1.06384,0,0
15.09.2023 00:30:18.462,1.06389,1.06387,0,0
15.09.2023 00:30:18.566,1.06391,1.06388,0,0
15.09.2023 00:30:18.828,1.06392,1.06388,0,0
15.09.2023 00:30:20.506,1.06393,1.0639,0,0
15.09.2023 00:30:21.204,1.06392,1.0639,0,0
15.09.2023 00:30:22.518,1.06391,1.0639,0,0
15.09.2023 00:30:24.901,1.06391,1.06389,0,0
15.09.2023 00:30:29.907,1.06392,1.06391,0,0
15.09.2023 00:30:29.959,1.06394,1.06392,0,0
15.09.2023 00:30:30.063,1.06395,1.06392,0,0
15.09.2023 00:30:30.166,1.06396,1.06392,0,0
15.09.2023 00:30:30.268,1.06395,1.06392,0,0
15.09.2023 00:30:30.530,1.06396,1.06394,0,0
15.09.2023 00:30:30.632,1.06397,1.06394,0,0
15.09.2023 00:30:31.602,1.06398,1.06394,0,0
15.09.2023 00:30:31.706,1.06399,1.06398,0,0
15.09.2023 00:30:31.759,1.06401,1.06398,0,0
15.09.2023 00:30:32.741,1.06402,1.06399,0,0
15.09.2023 00:30:34.087,1.06403,1.064,0,0
15.09.2023 00:30:34.579,1.06402,1.064,0,0
15.09.2023 00:30:34.688,1.06403,1.064,0,0
15.09.2023 00:30:35.275,1.06403,1.06401,0,0
15.09.2023 00:30:35.326,1.06405,1.06401,0,0
15.09.2023 00:30:35.546,1.06403,1.06401,0,0
15.09.2023 00:30:35.830,1.06403,1.064,0,0
15.09.2023 00:30:36.319,1.06404,1.064,0,0
15.09.2023 00:30:36.435,1.06404,1.06401,0,0
15.09.2023 00:30:40.501,1.06405,1.06401,0,0
15.09.2023 00:30:40.838,1.06402,1.064,0,0
15.09.2023 00:30:47.319,1.06403,1.064,0,0
15.09.2023 00:30:47.422,1.06403,1.06401,0,0
15.09.2023 00:30:49.932,1.06403,1.064,0,0
15.09.2023 00:30:50.310,1.06402,1.064,0,0
15.09.2023 00:30:52.002,1.06403,1.064,0,0
15.09.2023 00:30:53.636,1.06402,1.064,0,0
15.09.2023 00:30:53.790,1.06403,1.064,0,0
15.09.2023 00:30:55.179,1.06402,1.064,0,0
15.09.2023 00:30:56.477,1.06403,1.064,0,0
15.09.2023 00:31:00.188,1.06403,1.06401,0,0
15.09.2023 00:31:02.828,1.06402,1.06401,0,0
15.09.2023 00:31:05.080,1.06403,1.06401,0,0
15.09.2023 00:31:06.806,1.06405,1.06401,0,0
15.09.2023 00:31:06.860,1.06405,1.06404,0,0
15.09.2023 00:31:06.963,1.06406,1.06404,0,0
15.09.2023 00:31:07.498,1.06407,1.06404,0,0
15.09.2023 00:31:07.652,1.06407,1.06405,0,0
15.09.2023 00:31:07.973,1.06408,1.06405,0,0
15.09.2023 00:31:08.076,1.06408,1.06406,0,0
15.09.2023 00:31:08.282,1.0641,1.06406,0,0
15.09.2023 00:31:08.489,1.06409,1.06406,0,0
15.09.2023 00:31:08.670,1.06408,1.06406,0,0
15.09.2023 00:31:09.272,1.06409,1.06406,0,0
15.09.2023 00:31:10.264,1.06408,1.06406,0,0
15.09.2023 00:31:10.482,1.06409,1.06406,0,0
15.09.2023 00:31:10.939,1.06408,1.06406,0,0
15.09.2023 00:31:11.093,1.06409,1.06406,0,0
15.09.2023 00:31:12.035,1.0641,1.06407,0,0
15.09.2023 00:31:12.139,1.06412,1.06408,0,0
15.09.2023 00:31:12.293,1.06411,1.06408,0,0
15.09.2023 00:31:13.570,1.06409,1.06408,0,0
15.09.2023 00:31:13.622,1.06408,1.06406,0,0
15.09.2023 00:31:18.633,1.06409,1.06406,0,0
15.09.2023 00:31:19.140,1.0641,1.06406,0,0
15.09.2023 00:31:19.242,1.06409,1.06406,0,0
15.09.2023 00:31:19.396,1.06408,1.06406,0,0
15.09.2023 00:31:20.312,1.06409,1.06406,0,0
15.09.2023 00:31:20.882,1.06408,1.06406,0,0
15.09.2023 00:31:51.390,1.06407,1.06404,0,0
15.09.2023 00:31:51.492,1.06408,1.06406,0,0
15.09.2023 00:32:00.585,1.06411,1.0641,0,0
15.09.2023 00:32:00.688,1.06413,1.0641,0,0
15.09.2023 00:32:00.791,1.06412,1.0641,0,0
15.09.2023 00:32:00.995,1.06413,1.0641,0,0
15.09.2023 00:32:01.568,1.06412,1.0641,0,0
15.09.2023 00:32:01.670,1.06413,1.0641,0,0
15.09.2023 00:32:01.774,1.06412,1.0641,0,0
15.09.2023 00:32:01.878,1.06413,1.0641,0,0
15.09.2023 00:32:02.083,1.06415,1.06412,0,0
15.09.2023 00:32:02.187,1.06415,1.06414,0,0
15.09.2023 00:32:02.291,1.06417,1.06414,0,0
15.09.2023 00:32:02.496,1.06417,1.06415,0,0
15.09.2023 00:32:02.699,1.06418,1.06415,0,0
15.09.2023 00:32:03.568,1.06419,1.06415,0,0
15.09.2023 00:32:03.671,1.06419,1.06416,0,0
15.09.2023 00:32:08.521,1.06419,1.06417,0,0
15.09.2023 00:32:08.624,1.0642,1.06418,0,0
15.09.2023 00:32:08.830,1.06422,1.06419,0,0
15.09.2023 00:32:08.934,1.0642,1.06418,0,0
15.09.2023 00:32:10.143,1.0642,1.06417,0,0
15.09.2023 00:32:10.246,1.0642,1.06418,0,0
15.09.2023 00:32:11.773,1.06419,1.06416,0,0
15.09.2023 00:32:12.029,1.06418,1.06416,0,0
15.09.2023 00:32:23.644,1.06417,1.06414,0,0
15.09.2023 00:32:23.747,1.06418,1.06415,0,0
15.09.2023 00:32:23.850,1.06418,1.06414,0,0
15.09.2023 00:32:24.004,1.06418,1.06415,0,0
15.09.2023 00:32:24.402,1.06418,1.06414,0,0
15.09.2023 00:32:24.506,1.06418,1.06415,0,0
15.09.2023 00:32:24.608,1.06418,1.06416,0,0
15.09.2023 00:32:37.032,1.06419,1.06416,0,0
15.09.2023 00:32:37.135,1.06418,1.06416,0,0
15.09.2023 00:32:42.960,1.06414,1.06411,0,0
15.09.2023 00:32:43.369,1.06412,1.06411,0,0
15.09.2023 00:32:43.472,1.06412,1.0641,0,0
15.09.2023 00:32:43.575,1.06413,1.06411,0,0
15.09.2023 00:32:43.779,1.06413,1.0641,0,0
15.09.2023 00:32:45.185,1.06413,1.06411,0,0
15.09.2023 00:32:45.883,1.06413,1.0641,0,0
15.09.2023 00:32:45.986,1.06413,1.06411,0,0
15.09.2023 00:32:46.089,1.06413,1.0641,0,0
15.09.2023 00:32:46.192,1.06412,1.0641,0,0
15.09.2023 00:32:47.398,1.06413,1.0641,0,0
15.09.2023 00:32:48.818,1.06412,1.0641,0,0
15.09.2023 00:32:49.860,1.0641,1.06409,0,0
15.09.2023 00:32:49.912,1.0641,1.06407,0,0
15.09.2023 00:32:50.016,1.06412,1.06408,0,0
15.09.2023 00:32:51.966,1.06412,1.06409,0,0
15.09.2023 00:32:53.728,1.0641,1.06409,0,0
15.09.2023 00:32:53.832,1.06409,1.06407,0,0
15.09.2023 00:32:53.935,1.06408,1.06407,0,0
15.09.2023 00:32:59.281,1.06409,1.06407,0,0
15.09.2023 00:33:00.805,1.06409,1.06408,0,0
15.09.2023 00:33:00.856,1.06412,1.06408,0,0
15.09.2023 00:33:00.959,1.06412,1.06409,0,0
15.09.2023 00:33:02.235,1.06412,1.0641,0,0
15.09.2023 00:33:02.578,1.06412,1.06409,0,0
15.09.2023 00:33:02.968,1.06412,1.0641,0,0
15.09.2023 00:33:03.784,1.06412,1.06409,0,0
15.09.2023 00:33:04.893,1.06412,1.0641,0,0
15.09.2023 00:33:05.541,1.06413,1.0641,0,0
15.09.2023 00:33:05.650,1.06413,1.06411,0,0
15.09.2023 00:33:11.475,1.06409,1.06406,0,0
15.09.2023 00:33:12.183,1.06408,1.06406,0,0
15.09.2023 00:33:16.356,1.06406,1.06405,0,0
15.09.2023 00:33:16.408,1.06406,1.06404,0,0
15.09.2023 00:33:16.512,1.06406,1.06403,0,0
15.09.2023 00:33:19.539,1.06403,1.06402,0,0
15.09.2023 00:33:19.643,1.06403,1.064,0,0
15.09.2023 00:33:20.201,1.06403,1.06401,0,0
15.09.2023 00:33:20.304,1.06404,1.06401,0,0
15.09.2023 00:33:20.675,1.06405,1.06402,0,0
15.09.2023 00:33:20.778,1.06406,1.06402,0,0
15.09.2023 00:33:24.405,1.06406,1.06403,0,0
15.09.2023 00:33:24.824,1.06407,1.06404,0,0
15.09.2023 00:33:25.032,1.06405,1.06403,0,0
15.09.2023 00:33:25.135,1.06406,1.06403,0,0
15.09.2023 00:33:26.760,1.06406,1.06404,0,0
15.09.2023 00:33:26.863,1.06406,1.06403,0,0
15.09.2023 00:33:28.002,1.06407,1.06403,0,0
15.09.2023 00:33:28.709,1.06407,1.06404,0,0
15.09.2023 00:33:28.920,1.06407,1.06403,0,0
15.09.2023 00:33:29.108,1.06407,1.06404,0,0
15.09.2023 00:33:29.322,1.06407,1.06403,0,0
15.09.2023 00:33:29.511,1.06407,1.06404,0,0
15.09.2023 00:33:31.403,1.06408,1.06404,0,0
15.09.2023 00:33:31.506,1.06408,1.06405,0,0
15.09.2023 00:33:31.608,1.06408,1.06404,0,0
15.09.2023 00:33:31.737,1.06408,1.06405,0,0
15.09.2023 00:33:31.882,1.06407,1.06405,0,0
15.09.2023 00:33:31.985,1.06407,1.06404,0,0
15.09.2023 00:33:32.485,1.06408,1.06404,0,0
15.09.2023 00:33:33.602,1.06407,1.06404,0,0
15.09.2023 00:33:34.186,1.06406,1.06404,0,0
15.09.2023 00:33:34.978,1.06407,1.06404,0,0
15.09.2023 00:33:38.706,1.06408,1.06404,0,0
15.09.2023 00:33:38.809,1.06408,1.06405,0,0
15.09.2023 00:33:39.067,1.06408,1.06404,0,0
15.09.2023 00:33:39.271,1.06407,1.06404,0,0
15.09.2023 00:33:43.342,1.06408,1.06405,0,0
15.09.2023 00:33:45.591,1.06407,1.06405,0,0
15.09.2023 00:33:45.693,1.06408,1.06405,0,0
15.09.2023 00:33:47.194,1.06407,1.06405,0,0
15.09.2023 00:33:50.152,1.06408,1.06405,0,0
15.09.2023 00:33:54.477,1.0641,1.06409,0,0
15.09.2023 00:33:54.580,1.06413,1.06409,0,0
15.09.2023 00:33:54.683,1.06413,1.0641,0,0
15.09.2023 00:33:55.048,1.06413,1.06411,0,0
15.09.2023 00:33:55.151,1.06413,1.0641,0,0
15.09.2023 00:33:55.254,1.06413,1.06411,0,0
15.09.2023 00:34:25.542,1.06412,1.06411,0,0
15.09.2023 00:34:25.595,1.06409,1.06406,0,0
15.09.2023 00:34:25.751,1.06408,1.06406,0,0
15.09.2023 00:34:26.159,1.06409,1.06406,0,0
15.09.2023 00:34:26.312,1.06408,1.06406,0,0
15.09.2023 00:34:26.848,1.06407,1.06406,0,0
15.09.2023 00:34:26.900,1.06407,1.06404,0,0
15.09.2023 00:34:27.076,1.06408,1.06404,0,0
15.09.2023 00:34:27.178,1.06407,1.06404,0,0
15.09.2023 00:34:27.622,1.06408,1.06405,0,0
15.09.2023 00:34:27.749,1.06407,1.06405,0,0
15.09.2023 00:34:28.109,1.06407,1.06404,0,0
15.09.2023 00:34:30.102,1.06408,1.06404,0,0
15.09.2023 00:34:30.610,1.06407,1.06404,0,0
15.09.2023 00:34:33.127,1.06408,1.06405,0,0
15.09.2023 00:34:33.676,1.06408,1.06406,0,0
15.09.2023 00:34:38.373,1.06408,1.06404,0,0
15.09.2023 00:34:40.412,1.06408,1.06405,0,0
15.09.2023 00:34:40.925,1.06408,1.06406,0,0
15.09.2023 00:34:41.903,1.06408,1.06404,0,0
15.09.2023 00:34:42.006,1.06408,1.06406,0,0
15.09.2023 00:34:42.112,1.06408,1.06405,0,0
15.09.2023 00:34:42.700,1.06408,1.06406,0,0
15.09.2023 00:34:44.379,1.06408,1.06404,0,0
15.09.2023 00:34:46.914,1.06408,1.06405,0,0
15.09.2023 00:34:53.036,1.06409,1.06406,0,0
15.09.2023 00:34:53.168,1.06408,1.06406,0,0
15.09.2023 00:34:53.271,1.06408,1.06405,0,0
15.09.2023 00:34:55.665,1.06409,1.06406,0,0
15.09.2023 00:34:55.848,1.06408,1.06406,0,0
15.09.2023 00:34:56.164,1.06408,1.06405,0,0
15.09.2023 00:34:57.167,1.06409,1.06408,0,0
15.09.2023 00:34:57.219,1.06412,1.06408,0,0
15.09.2023 00:35:03.301,1.06412,1.06409,0,0
15.09.2023 00:35:03.751,1.06412,1.06408,0,0
15.09.2023 00:35:08.152,1.06411,1.06408,0,0
15.09.2023 00:35:12.861,1.06412,1.06409,0,0
15.09.2023 00:35:14.861,1.06411,1.06409,0,0
15.09.2023 00:35:20.124,1.06413,1.06409,0,0
15.09.2023 00:35:21.597,1.06412,1.06409,0,0
15.09.2023 00:35:30.011,1.06411,1.06409,0,0
15.09.2023 00:35:30.113,1.06412,1.06409,0,0
15.09.2023 00:35:35.062,1.06412,1.06408,0,0
15.09.2023 00:35:35.197,1.06412,1.06409,0,0
15.09.2023 00:35:39.304,1.06412,1.06408,0,0
15.09.2023 00:35:39.407,1.0641,1.06408,0,0
15.09.2023 00:35:39.793,1.0641,1.06407,0,0
15.09.2023 00:35:40.463,1.0641,1.06406,0,0
15.09.2023 00:35:40.961,1.06409,1.06406,0,0
15.09.2023 00:35:41.064,1.06408,1.06406,0,0
15.09.2023 00:35:42.398,1.06407,1.06406,0,0
15.09.2023 00:35:42.904,1.06408,1.06406,0,0
15.09.2023 00:35:43.008,1.0641,1.06406,0,0
15.09.2023 00:35:45.584,1.0641,1.06407,0,0
15.09.2023 00:35:47.414,1.0641,1.06408,0,0
15.09.2023 00:35:47.466,1.06412,1.06408,0,0
15.09.2023 00:35:47.775,1.06411,1.06408,0,0
15.09.2023 00:35:52.437,1.0641,1.06408,0,0
15.09.2023 00:35:52.541,1.06411,1.06408,0,0
15.09.2023 00:35:53.670,1.06411,1.06409,0,0
15.09.2023 00:35:57.801,1.06412,1.06409,0,0
15.09.2023 00:36:07.052,1.06411,1.06409,0,0
15.09.2023 00:36:07.154,1.06412,1.06409,0,0
15.09.2023 00:36:10.115,1.06408,1.06407,0,0
15.09.2023 00:36:10.218,1.06408,1.06405,0,0
15.09.2023 00:36:11.584,1.06406,1.06405,0,0
15.09.2023 00:36:11.725,1.06406,1.06404,0,0
15.09.2023 00:36:11.952,1.06407,1.06404,0,0
15.09.2023 00:36:12.745,1.06407,1.06405,0,0
15.09.2023 00:36:13.221,1.06407,1.06404,0,0
15.09.2023 00:36:13.877,1.06408,1.06404,0,0
15.09.2023 00:36:18.179,1.06408,1.06405,0,0
15.09.2023 00:36:18.283,1.0641,1.06407,0,0
15.09.2023 00:36:18.386,1.0641,1.06408,0,0
15.09.2023 00:36:19.164,1.06411,1.06408,0,0
15.09.2023 00:36:19.268,1.0641,1.06407,0,0
15.09.2023 00:36:19.371,1.06411,1.06408,0,0
15.09.2023 00:36:19.474,1.06412,1.06409,0,0
15.09.2023 00:36:19.875,1.06412,1.06408,0,0
15.09.2023 00:36:26.350,1.06409,1.06408,0,0
15.09.2023 00:36:26.453,1.06409,1.06407,0,0
15.09.2023 00:36:27.155,1.06408,1.06406,0,0
15.09.2023 00:36:27.360,1.06408,1.06405,0,0
15.09.2023 00:36:27.513,1.06408,1.06404,0,0
15.09.2023 00:36:29.156,1.06408,1.06405,0,0
15.09.2023 00:36:29.835,1.06408,1.06404,0,0
15.09.2023 00:36:30.711,1.06408,1.06405,0,0
15.09.2023 00:36:30.964,1.06408,1.06404,0,0
15.09.2023 00:36:31.378,1.06407,1.06404,0,0
15.09.2023 00:36:31.482,1.06406,1.06404,0,0
15.09.2023 00:36:32.292,1.06406,1.06403,0,0
15.09.2023 00:36:33.618,1.06404,1.06403,0,0
15.09.2023 00:36:33.721,1.06404,1.06401,0,0
15.09.2023 00:36:33.853,1.06403,1.06401,0,0
15.09.2023 00:36:33.956,1.06403,1.064,0,0
15.09.2023 00:36:37.848,1.06401,1.06398,0,0
15.09.2023 00:36:37.951,1.06402,1.06398,0,0
15.09.2023 00:36:38.087,1.06401,1.06398,0,0
15.09.2023 00:36:39.879,1.06402,1.06398,0,0
15.09.2023 00:36:42.100,1.06401,1.06398,0,0
15.09.2023 00:36:42.822,1.06402,1.06399,0,0
15.09.2023 00:36:43.330,1.06402,1.06398,0,0
15.09.2023 00:36:43.432,1.06401,1.06398,0,0
15.09.2023 00:36:44.047,1.06402,1.06398,0,0
15.09.2023 00:36:46.611,1.06401,1.06398,0,0
15.09.2023 00:36:48.625,1.06402,1.06398,0,0
15.09.2023 00:36:50.036,1.06401,1.06398,0,0
15.09.2023 00:36:50.241,1.06402,1.06398,0,0
15.09.2023 00:36:54.392,1.06401,1.06398,0,0
15.09.2023 00:36:54.495,1.064,1.06398,0,0
15.09.2023 00:36:54.598,1.06401,1.06398,0,0
15.09.2023 00:36:54.700,1.064,1.06398,0,0
15.09.2023 00:36:55.451,1.06401,1.06398,0,0
15.09.2023 00:36:55.804,1.06402,1.06398,0,0
15.09.2023 00:36:55.986,1.06401,1.06398,0,0
15.09.2023 00:37:00.108,1.06402,1.06398,0,0
15.09.2023 00:37:00.440,1.06402,1.06401,0,0
15.09.2023 00:37:00.492,1.06404,1.06403,0,0
15.09.2023 00:37:00.544,1.06406,1.06404,0,0
15.09.2023 00:37:00.755,1.06406,1.06403,0,0
15.09.2023 00:37:01.200,1.06406,1.06404,0,0
15.09.2023 00:37:01.308,1.06406,1.06403,0,0
15.09.2023 00:37:01.361,1.06404,1.06402,0,0
15.09.2023 00:37:01.465,1.06405,1.06402,0,0
15.09.2023 00:37:02.807,1.06406,1.06403,0,0
15.09.2023 00:37:03.216,1.06407,1.06403,0,0
15.09.2023 00:37:03.358,1.06406,1.06403,0,0
15.09.2023 00:37:03.511,1.06407,1.06403,0,0
15.09.2023 00:37:03.664,1.06406,1.06403,0,0
15.09.2023 00:37:03.767,1.06407,1.06404,0,0
15.09.2023 00:37:04.231,1.06406,1.06403,0,0
15.09.2023 00:37:04.719,1.06406,1.06404,0,0
15.09.2023 00:37:04.822,1.06408,1.06405,0,0
15.09.2023 00:37:07.236,1.06408,1.06406,0,0
15.09.2023 00:37:08.822,1.06408,1.06405,0,0
15.09.2023 00:37:10.533,1.06407,1.06405,0,0
15.09.2023 00:37:10.687,1.06407,1.06404,0,0
15.09.2023 00:37:12.467,1.06406,1.06404,0,0
15.09.2023 00:37:13.698,1.06406,1.06403,0,0
15.09.2023 00:37:13.903,1.06405,1.06402,0,0
15.09.2023 00:37:18.281,1.06404,1.06402,0,0
15.09.2023 00:37:18.384,1.06405,1.06402,0,0
15.09.2023 00:37:24.713,1.06406,1.06403,0,0
15.09.2023 00:37:24.816,1.06405,1.06402,0,0
15.09.2023 00:37:26.907,1.06403,1.06402,0,0
15.09.2023 00:37:27.009,1.06403,1.06401,0,0
15.09.2023 00:37:27.061,1.06403,1.06399,0,0
15.09.2023 00:37:27.281,1.06405,1.06404,0,0
15.09.2023 00:37:27.333,1.06407,1.06404,0,0
15.09.2023 00:37:27.437,1.06408,1.06405,0,0
15.09.2023 00:37:27.553,1.06409,1.06406,0,0
15.09.2023 00:37:28.459,1.06411,1.06407,0,0
15.09.2023 00:37:28.613,1.0641,1.06408,0,0
15.09.2023 00:37:30.203,1.06412,1.06408,0,0
15.09.2023 00:37:30.306,1.06412,1.06409,0,0
15.09.2023 00:37:41.521,1.06412,1.06408,0,0
15.09.2023 00:37:43.766,1.06412,1.06407,0,0
15.09.2023 00:37:44.275,1.06411,1.06408,0,0
15.09.2023 00:37:45.140,1.0641,1.06408,0,0
15.09.2023 00:37:45.293,1.0641,1.06407,0,0
15.09.2023 00:37:45.396,1.0641,1.06408,0,0
15.09.2023 00:37:45.621,1.0641,1.06407,0,0
15.09.2023 00:37:45.778,1.0641,1.06408,0,0
15.09.2023 00:37:45.983,1.0641,1.06407,0,0
15.09.2023 00:37:46.290,1.06412,1.06408,0,0
15.09.2023 00:37:46.393,1.0641,1.06407,0,0
15.09.2023 00:37:46.930,1.0641,1.06408,0,0
15.09.2023 00:37:47.054,1.0641,1.06407,0,0
15.09.2023 00:37:47.259,1.0641,1.06408,0,0
15.09.2023 00:37:47.720,1.0641,1.06407,0,0
15.09.2023 00:37:48.273,1.0641,1.06408,0,0
15.09.2023 00:37:53.422,1.06412,1.06408,0,0
15.09.2023 00:37:53.731,1.0641,1.06408,0,0
15.09.2023 00:37:55.230,1.06412,1.06408,0,0
15.09.2023 00:37:55.797,1.0641,1.06408,0,0
15.09.2023 00:37:57.104,1.06408,1.06406,0,0
15.09.2023 00:37:57.259,1.06408,1.06405,0,0
15.09.2023 00:37:57.362,1.06407,1.06404,0,0
15.09.2023 00:37:57.772,1.06406,1.06404,0,0
15.09.2023 00:37:58.056,1.06404,1.06403,0,0
15.09.2023 00:37:58.159,1.06403,1.06401,0,0
15.09.2023 00:37:58.262,1.06404,1.06401,0,0
15.09.2023 00:37:58.631,1.06403,1.06401,0,0
15.09.2023 00:37:59.007,1.06404,1.06401,0,0
15.09.2023 00:37:59.752,1.06405,1.06402,0,0
15.09.2023 00:37:59.854,1.06406,1.06402,0,0
15.09.2023 00:37:59.957,1.06405,1.06402,0,0
15.09.2023 00:38:00.335,1.06406,1.06402,0,0
15.09.2023 00:38:01.319,1.06405,1.06402,0,0
15.09.2023 00:38:02.062,1.06406,1.06402,0,0
15.09.2023 00:38:04.615,1.06405,1.06402,0,0
15.09.2023 00:38:05.045,1.06406,1.06402,0,0
15.09.2023 00:38:05.385,1.06405,1.06402,0,0
15.09.2023 00:38:09.954,1.06405,1.06401,0,0
15.09.2023 00:38:12.065,1.06406,1.06401,0,0
15.09.2023 00:38:13.460,1.06405,1.06401,0,0
15.09.2023 00:38:15.554,1.06406,1.06402,0,0
15.09.2023 00:38:18.552,1.06405,1.06402,0,0
15.09.2023 00:38:18.604,1.06403,1.06401,0,0
15.09.2023 00:38:18.707,1.06403,1.064,0,0
15.09.2023 00:38:21.259,1.06402,1.064,0,0
15.09.2023 00:38:22.955,1.06403,1.064,0,0
15.09.2023 00:38:25.977,1.06402,1.064,0,0
15.09.2023 00:38:26.564,1.06403,1.064,0,0
15.09.2023 00:38:32.423,1.06403,1.06401,0,0
15.09.2023 00:38:32.526,1.06405,1.06401,0,0
15.09.2023 00:38:33.713,1.06405,1.06402,0,0
15.09.2023 00:38:33.816,1.06406,1.06402,0,0
15.09.2023 00:38:36.751,1.06406,1.06403,0,0
15.09.2023 00:38:36.804,1.06408,1.06406,0,0
15.09.2023 00:38:36.909,1.0641,1.06408,0,0
15.09.2023 00:38:37.216,1.06412,1.06409,0,0
15.09.2023 00:38:39.331,1.06413,1.06409,0,0
15.09.2023 00:38:39.434,1.06413,1.0641,0,0
15.09.2023 00:38:39.568,1.06413,1.06409,0,0
15.09.2023 00:38:40.171,1.06413,1.0641,0,0
15.09.2023 00:38:40.938,1.06413,1.06411,0,0
15.09.2023 00:38:41.041,1.06414,1.06411,0,0
15.09.2023 00:38:42.243,1.06415,1.06411,0,0
15.09.2023 00:38:48.512,1.06412,1.0641,0,0
15.09.2023 00:38:48.616,1.06412,1.06409,0,0
15.09.2023 00:38:49.695,1.06409,1.06408,0,0
15.09.2023 00:38:49.748,1.06408,1.06405,0,0
15.09.2023 00:38:52.272,1.06406,1.06405,0,0
15.09.2023 00:38:54.206,1.06407,1.06405,0,0
15.09.2023 00:38:55.094,1.06406,1.06405,0,0
15.09.2023 00:38:57.031,1.06407,1.06405,0,0
15.09.2023 00:39:00.010,1.06407,1.06403,0,0
15.09.2023 00:39:00.113,1.06406,1.06404,0,0
15.09.2023 00:39:00.216,1.06407,1.06404,0,0
15.09.2023 00:39:02.137,1.06406,1.06403,0,0
15.09.2023 00:39:02.342,1.06406,1.06402,0,0
15.09.2023 00:39:02.495,1.06405,1.06402,0,0
15.09.2023 00:39:02.737,1.06406,1.06402,0,0
15.09.2023 00:39:02.998,1.06405,1.06402,0,0
15.09.2023 00:39:04.913,1.06404,1.06401,0,0
15.09.2023 00:39:05.016,1.06403,1.06401,0,0
15.09.2023 00:39:08.837,1.06404,1.06401,0,0
15.09.2023 00:39:08.940,1.06405,1.06401,0,0
15.09.2023 00:39:11.232,1.06404,1.06401,0,0
15.09.2023 00:39:11.336,1.06405,1.06401,0,0
15.09.2023 00:39:11.696,1.06404,1.06401,0,0
15.09.2023 00:39:11.800,1.06403,1.064,0,0
15.09.2023 00:39:14.536,1.06402,1.064,0,0
15.09.2023 00:39:14.714,1.06403,1.064,0,0
15.09.2023 00:39:15.851,1.06402,1.064,0,0
15.09.2023 00:39:16.394,1.06403,1.064,0,0
15.09.2023 00:39:21.932,1.06403,1.06399,0,0
15.09.2023 00:39:22.034,1.06402,1.06399,0,0
15.09.2023 00:39:23.046,1.06401,1.06399,0,0
15.09.2023 00:39:23.150,1.06402,1.06399,0,0
15.09.2023 00:39:33.995,1.06401,1.06399,0,0
15.09.2023 00:39:35.189,1.06402,1.06399,0,0
15.09.2023 00:39:39.418,1.06401,1.06399,0,0
15.09.2023 00:39:40.873,1.06402,1.06399,0,0
15.09.2023 00:39:45.060,1.06401,1.06399,0,0
15.09.2023 00:39:45.260,1.064,1.06398,0,0
15.09.2023 00:39:45.362,1.064,1.06397,0,0
15.09.2023 00:39:45.465,1.064,1.06396,0,0
15.09.2023 00:39:45.568,1.06399,1.06396,0,0
15.09.2023 00:39:45.774,1.06399,1.06395,0,0
15.09.2023 00:39:45.928,1.06398,1.06395,0,0
15.09.2023 00:39:46.183,1.06397,1.06395,0,0
15.09.2023 00:39:48.083,1.06398,1.06395,0,0
15.09.2023 00:39:48.328,1.06397,1.06395,0,0
15.09.2023 00:39:49.159,1.06398,1.06395,0,0
15.09.2023 00:39:50.446,1.06397,1.06395,0,0
15.09.2023 00:39:51.855,1.06397,1.06394,0,0
15.09.2023 00:39:51.959,1.06396,1.06394,0,0
15.09.2023 00:39:53.849,1.06397,1.06394,0,0
15.09.2023 00:39:55.778,1.06396,1.06394,0,0
15.09.2023 00:39:56.045,1.06397,1.06394,0,0
15.09.2023 00:39:57.033,1.06396,1.06394,0,0
15.09.2023 00:39:58.288,1.06395,1.06394,0,0
15.09.2023 00:39:58.392,1.06395,1.06393,0,0
15.09.2023 00:39:58.495,1.06395,1.06392,0,0
15.09.2023 00:39:58.547,1.06394,1.0639,0,0
15.09.2023 00:40:01.767,1.06393,1.0639,0,0
15.09.2023 00:40:04.914,1.06392,1.0639,0,0
15.09.2023 00:40:07.511,1.06393,1.06389,0,0
15.09.2023 00:40:07.614,1.06393,1.0639,0,0
15.09.2023 00:40:09.859,1.06396,1.06395,0,0
15.09.2023 00:40:09.963,1.06398,1.06396,0,0
15.09.2023 00:40:10.067,1.06401,1.06397,0,0
15.09.2023 00:40:10.170,1.06401,1.06398,0,0
15.09.2023 00:40:11.007,1.06401,1.06399,0,0
15.09.2023 00:40:11.110,1.06401,1.064,0,0
15.09.2023 00:40:11.213,1.06402,1.064,0,0
15.09.2023 00:40:11.994,1.06403,1.064,0,0
15.09.2023 00:40:15.783,1.06402,1.064,0,0
15.09.2023 00:40:17.131,1.06401,1.064,0,0
15.09.2023 00:40:17.547,1.06403,1.064,0,0
15.09.2023 00:40:18.721,1.06403,1.06399,0,0
15.09.2023 00:40:19.130,1.06403,1.064,0,0
15.09.2023 00:40:21.687,1.06402,1.064,0,0
15.09.2023 00:40:21.793,1.06403,1.064,0,0
15.09.2023 00:40:29.782,1.06403,1.06399,0,0
15.09.2023 00:40:30.294,1.06403,1.064,0,0
15.09.2023 00:40:32.900,1.06402,1.064,0,0
15.09.2023 00:40:34.822,1.06403,1.064,0,0
15.09.2023 00:40:37.710,1.06402,1.064,0,0
15.09.2023 00:40:39.301,1.06403,1.064,0,0
15.09.2023 00:40:39.995,1.06402,1.064,0,0
15.09.2023 00:40:41.433,1.06403,1.064,0,0
15.09.2023 00:40:42.582,1.06402,1.064,0,0
15.09.2023 00:40:45.535,1.06402,1.06399,0,0
15.09.2023 00:40:46.040,1.06402,1.064,0,0
15.09.2023 00:40:47.867,1.06403,1.064,0,0
15.09.2023 00:40:48.312,1.06403,1.06401,0,0
15.09.2023 00:40:48.415,1.06403,1.064,0,0
15.09.2023 00:40:48.518,1.06403,1.06401,0,0
15.09.2023 00:40:48.672,1.06403,1.064,0,0
15.09.2023 00:40:49.233,1.06403,1.06401,0,0
15.09.2023 00:40:49.438,1.06403,1.064,0,0
15.09.2023 00:40:50.614,1.06403,1.06401,0,0
15.09.2023 00:40:51.542,1.06403,1.064,0,0
15.09.2023 00:40:56.489,1.06402,1.064,0,0
15.09.2023 00:40:56.592,1.06402,1.06399,0,0
15.09.2023 00:40:57.031,1.06403,1.06399,0,0
15.09.2023 00:40:57.610,1.06402,1.06399,0,0
15.09.2023 00:40:57.821,1.06401,1.06399,0,0
15.09.2023 00:40:57.873,1.06401,1.06397,0,0
15.09.2023 00:40:57.976,1.06401,1.06398,0,0
15.09.2023 00:40:58.180,1.06401,1.06397,0,0
15.09.2023 00:40:58.283,1.06401,1.06398,0,0
15.09.2023 00:40:58.386,1.06401,1.06399,0,0
15.09.2023 00:40:59.053,1.06401,1.06398,0,0
15.09.2023 00:41:02.626,1.064,1.06398,0,0
15.09.2023 00:41:02.728,1.06401,1.06398,0,0
15.09.2023 00:41:03.468,1.06401,1.06399,0,0
15.09.2023 00:41:12.808,1.06402,1.06399,0,0
15.09.2023 00:41:13.627,1.06403,1.06399,0,0
15.09.2023 00:41:13.730,1.06403,1.064,0,0
15.09.2023 00:41:16.127,1.06402,1.064,0,0
15.09.2023 00:41:16.847,1.06402,1.06399,0,0
15.09.2023 00:41:17.234,1.06403,1.06399,0,0
15.09.2023 00:41:17.341,1.06403,1.064,0,0
15.09.2023 00:41:17.714,1.06403,1.06401,0,0
15.09.2023 00:41:18.052,1.06403,1.064,0,0
15.09.2023 00:41:18.397,1.06402,1.064,0,0
15.09.2023 00:41:18.568,1.06402,1.06399,0,0
15.09.2023 00:41:19.910,1.06403,1.06399,0,0
15.09.2023 00:41:20.704,1.06402,1.06399,0,0
15.09.2023 00:41:20.910,1.06403,1.064,0,0
15.09.2023 00:41:28.642,1.06402,1.064,0,0
15.09.2023 00:41:30.697,1.06403,1.064,0,0
15.09.2023 00:41:34.080,1.06402,1.064,0,0
15.09.2023 00:41:38.096,1.06405,1.06404,0,0
15.09.2023 00:41:38.151,1.06407,1.06404,0,0
15.09.2023 00:41:38.254,1.06406,1.06405,0,0
15.09.2023 00:41:38.306,1.06406,1.06403,0,0
15.09.2023 00:41:39.476,1.06407,1.06403,0,0
15.09.2023 00:41:39.578,1.06407,1.06404,0,0
15.09.2023 00:41:41.143,1.06406,1.06404,0,0
15.09.2023 00:41:41.532,1.06407,1.06404,0,0
15.09.2023 00:41:43.857,1.06406,1.06404,0,0
15.09.2023 00:41:43.960,1.06404,1.06402,0,0
15.09.2023 00:41:44.064,1.06404,1.06401,0,0
15.09.2023 00:41:44.218,1.06404,1.064,0,0
15.09.2023 00:41:44.321,1.06403,1.064,0,0
15.09.2023 00:41:47.949,1.06404,1.064,0,0
15.09.2023 00:41:48.052,1.06403,1.064,0,0
15.09.2023 00:42:02.420,1.06402,1.064,0,0
15.09.2023 00:42:02.634,1.06403,1.064,0,0
15.09.2023 00:42:03.138,1.06402,1.064,0,0
15.09.2023 00:42:05.162,1.06403,1.064,0,0
15.09.2023 00:42:06.015,1.06402,1.064,0,0
15.09.2023 00:42:06.863,1.06403,1.06401,0,0
15.09.2023 00:42:17.376,1.06403,1.064,0,0
15.09.2023 00:42:17.872,1.06403,1.06401,0,0
15.09.2023 00:42:18.618,1.06403,1.064,0,0
15.09.2023 00:42:18.772,1.06402,1.064,0,0
15.09.2023 00:42:18.976,1.06403,1.064,0,0
15.09.2023 00:42:19.130,1.06402,1.064,0,0
15.09.2023 00:42:19.232,1.06401,1.06399,0,0
15.09.2023 00:42:20.112,1.06402,1.064,0,0
15.09.2023 00:42:21.114,1.06402,1.06399,0,0
15.09.2023 00:42:21.864,1.06402,1.064,0,0
15.09.2023 00:42:26.869,1.06402,1.06399,0,0
15.09.2023 00:42:27.816,1.06402,1.064,0,0
15.09.2023 00:42:29.136,1.06403,1.064,0,0
15.09.2023 00:42:29.531,1.06402,1.064,0,0
15.09.2023 00:42:29.914,1.06403,1.064,0,0
15.09.2023 00:42:30.225,1.06403,1.06402,0,0
15.09.2023 00:42:30.329,1.06404,1.064,0,0
15.09.2023 00:42:30.432,1.06403,1.064,0,0
15.09.2023 00:42:32.809,1.06402,1.064,0,0
15.09.2023 00:42:33.074,1.06403,1.064,0,0
15.09.2023 00:42:35.115,1.06403,1.06401,0,0
15.09.2023 00:42:35.218,1.06405,1.06401,0,0
15.09.2023 00:42:36.258,1.06405,1.06402,0,0
15.09.2023 00:42:36.361,1.06406,1.06402,0,0
15.09.2023 00:42:36.464,1.06406,1.06403,0,0
15.09.2023 00:42:37.043,1.06406,1.06404,0,0
15.09.2023 00:42:37.145,1.06406,1.06403,0,0
15.09.2023 00:42:39.834,1.06405,1.06403,0,0
15.09.2023 00:42:39.886,1.06404,1.06401,0,0
15.09.2023 00:42:43.888,1.06403,1.064,0,0
15.09.2023 00:42:44.992,1.06403,1.06399,0,0
15.09.2023 00:42:45.577,1.06403,1.064,0,0
15.09.2023 00:42:47.566,1.06402,1.064,0,0
15.09.2023 00:42:50.199,1.06402,1.06399,0,0
15.09.2023 00:42:50.419,1.06403,1.06399,0,0
15.09.2023 00:42:50.707,1.06403,1.064,0,0
15.09.2023 00:42:51.630,1.06402,1.064,0,0
15.09.2023 00:42:51.783,1.06403,1.064,0,0
15.09.2023 00:42:52.039,1.06403,1.06401,0,0
15.09.2023 00:42:52.142,1.06404,1.06403,0,0
15.09.2023 00:42:52.194,1.06406,1.06403,0,0
15.09.2023 00:42:52.513,1.06407,1.06403,0,0
15.09.2023 00:42:52.718,1.06407,1.06404,0,0
15.09.2023 00:42:52.820,1.06407,1.06403,0,0
15.09.2023 00:42:54.275,1.06408,1.06403,0,0
15.09.2023 00:42:54.378,1.06408,1.06404,0,0
15.09.2023 00:42:56.004,1.06407,1.06404,0,0
15.09.2023 00:42:56.121,1.06408,1.06404,0,0
15.09.2023 00:43:02.929,1.06408,1.06405,0,0
15.09.2023 00:43:04.400,1.06407,1.06405,0,0
15.09.2023 00:43:05.180,1.06407,1.06404,0,0
15.09.2023 00:43:05.963,1.06407,1.06405,0,0
15.09.2023 00:43:06.727,1.06408,1.06405,0,0
15.09.2023 00:43:06.829,1.06407,1.06405,0,0
15.09.2023 00:43:06.932,1.06408,1.06405,0,0
15.09.2023 00:43:07.183,1.06407,1.06405,0,0
15.09.2023 00:43:08.040,1.06408,1.06405,0,0
15.09.2023 00:43:08.274,1.06407,1.06405,0,0
15.09.2023 00:43:08.521,1.06408,1.06405,0,0
15.09.2023 00:43:09.141,1.06407,1.06405,0,0
15.09.2023 00:43:10.916,1.06408,1.06405,0,0
15.09.2023 00:43:11.120,1.06407,1.06405,0,0
15.09.2023 00:43:14.547,1.06408,1.06405,0,0
15.09.2023 00:43:15.043,1.06407,1.06405,0,0
15.09.2023 00:43:21.870,1.06408,1.06405,0,0
15.09.2023 00:43:23.239,1.06407,1.06405,0,0
15.09.2023 00:43:23.341,1.06408,1.06405,0,0
15.09.2023 00:43:27.551,1.06407,1.06404,0,0
15.09.2023 00:43:27.854,1.06406,1.06404,0,0
15.09.2023 00:43:27.957,1.06406,1.06403,0,0
15.09.2023 00:43:28.060,1.06407,1.06404,0,0
15.09.2023 00:43:29.831,1.06406,1.06403,0,0
15.09.2023 00:43:33.752,1.06407,1.06403,0,0
15.09.2023 00:43:33.924,1.06406,1.06403,0,0
15.09.2023 00:43:37.845,1.06403,1.06402,0,0
15.09.2023 00:43:37.898,1.06403,1.06401,0,0
15.09.2023 00:43:38.001,1.06403,1.064,0,0
15.09.2023 00:43:40.680,1.06403,1.06401,0,0
15.09.2023 00:43:50.349,1.064,1.06399,0,0
15.09.2023 00:43:50.455,1.06401,1.06398,0,0
15.09.2023 00:43:50.559,1.06401,1.06399,0,0
15.09.2023 00:43:53.248,1.06402,1.064,0,0
15.09.2023 00:43:58.280,1.06403,1.06401,0,0
15.09.2023 00:44:11.898,1.06402,1.064,0,0
15.09.2023 00:44:12.002,1.06402,1.06399,0,0
15.09.2023 00:44:13.968,1.06403,1.064,0,0
15.09.2023 00:44:14.087,1.06402,1.064,0,0
15.09.2023 00:44:15.151,1.06401,1.06399,0,0
15.09.2023 00:44:32.123,1.064,1.06398,0,0
15.09.2023 00:44:35.691,1.06399,1.06397,0,0
15.09.2023 00:44:35.798,1.06398,1.06396,0,0
15.09.2023 00:44:40.413,1.064,1.06398,0,0
15.09.2023 00:44:40.515,1.064,1.06399,0,0
15.09.2023 00:44:40.913,1.06401,1.06398,0,0
15.09.2023 00:44:41.016,1.06401,1.06399,0,0
15.09.2023 00:44:42.683,1.06401,1.064,0,0
15.09.2023 00:44:43.203,1.06402,1.064,0,0
15.09.2023 00:44:46.235,1.06401,1.06399,0,0
15.09.2023 00:44:50.350,1.06401,1.06398,0,0
15.09.2023 00:45:00.156,1.06401,1.06399,0,0
15.09.2023 00:45:00.259,1.06401,1.064,0,0
15.09.2023 00:45:05.438,1.06401,1.06399,0,0
15.09.2023 00:45:08.604,1.06401,1.064,0,0
15.09.2023 00:45:11.026,1.06404,1.06403,0,0
15.09.2023 00:45:11.137,1.06406,1.06405,0,0
15.09.2023 00:45:11.805,1.06407,1.06405,0,0
15.09.2023 00:45:15.578,1.06408,1.06405,0,0
15.09.2023 00:45:15.781,1.06407,1.06405,0,0
15.09.2023 00:45:18.122,1.06408,1.06405,0,0
15.09.2023 00:45:18.290,1.06407,1.06405,0,0
15.09.2023 00:45:18.393,1.06408,1.06405,0,0
15.09.2023 00:45:18.548,1.06407,1.06405,0,0
15.09.2023 00:45:19.082,1.06408,1.06404,0,0
15.09.2023 00:45:19.185,1.06407,1.06405,0,0
15.09.2023 00:45:21.053,1.06404,1.06402,0,0
15.09.2023 00:45:21.105,1.06403,1.064,0,0
15.09.2023 00:45:21.208,1.06403,1.06401,0,0
15.09.2023 00:45:21.311,1.06403,1.064,0,0
15.09.2023 00:45:22.108,1.06404,1.064,0,0
15.09.2023 00:45:22.211,1.06404,1.06401,0,0
15.09.2023 00:45:22.434,1.06406,1.06403,0,0
15.09.2023 00:45:26.205,1.06406,1.06404,0,0
15.09.2023 00:45:27.603,1.06406,1.06403,0,0
15.09.2023 00:45:27.917,1.06406,1.06404,0,0
15.09.2023 00:45:30.950,1.06407,1.06404,0,0
15.09.2023 00:45:31.493,1.06407,1.06405,0,0
15.09.2023 00:45:31.595,1.06407,1.06404,0,0
15.09.2023 00:45:33.411,1.06407,1.06405,0,0
15.09.2023 00:45:36.547,1.06407,1.06404,0,0
15.09.2023 00:45:37.993,1.06407,1.06405,0,0
15.09.2023 00:45:38.096,1.06407,1.06404,0,0
15.09.2023 00:45:38.199,1.06407,1.06405,0,0
15.09.2023 00:45:38.448,1.06408,1.06406,0,0
15.09.2023 00:45:38.552,1.06411,1.06407,0,0
15.09.2023 00:45:38.911,1.06411,1.06408,0,0
15.09.2023 00:45:39.014,1.06411,1.06407,0,0
15.09.2023 00:45:42.801,1.0641,1.06407,0,0
15.09.2023 00:45:43.452,1.06409,1.06407,0,0
15.09.2023 00:45:43.556,1.06408,1.06405,0,0
15.09.2023 00:45:43.710,1.06408,1.06407,0,0
15.09.2023 00:45:43.762,1.0641,1.06407,0,0
15.09.2023 00:45:44.648,1.06411,1.06407,0,0
15.09.2023 00:45:44.700,1.06412,1.06409,0,0
15.09.2023 00:45:45.014,1.06409,1.06408,0,0
15.09.2023 00:45:45.066,1.06408,1.06406,0,0
15.09.2023 00:45:46.169,1.06407,1.06406,0,0
15.09.2023 00:45:46.649,1.06408,1.06406,0,0
15.09.2023 00:45:50.907,1.06407,1.06406,0,0
15.09.2023 00:45:51.348,1.06408,1.06406,0,0
15.09.2023 00:45:52.288,1.06407,1.06406,0,0
15.09.2023 00:45:54.851,1.06408,1.06406,0,0
15.09.2023 00:45:55.342,1.06408,1.06405,0,0
15.09.2023 00:45:55.784,1.06407,1.06405,0,0
15.09.2023 00:45:59.051,1.06409,1.06407,0,0
15.09.2023 00:45:59.104,1.06412,1.06409,0,0
15.09.2023 00:45:59.207,1.06412,1.0641,0,0
15.09.2023 00:46:00.342,1.06413,1.0641,0,0
15.09.2023 00:46:00.489,1.06412,1.06409,0,0
15.09.2023 00:46:06.894,1.06412,1.0641,0,0
15.09.2023 00:46:07.201,1.06412,1.06409,0,0
15.09.2023 00:46:07.304,1.06412,1.0641,0,0
15.09.2023 00:46:10.711,1.06413,1.0641,0,0
15.09.2023 00:46:10.814,1.06413,1.06409,0,0
15.09.2023 00:46:10.916,1.06413,1.0641,0,0
15.09.2023 00:46:11.857,1.06412,1.06409,0,0
15.09.2023 00:46:14.239,1.06411,1.06409,0,0
15.09.2023 00:46:15.182,1.06409,1.06408,0,0
15.09.2023 00:46:15.286,1.06408,1.06405,0,0
15.09.2023 00:46:15.440,1.06407,1.06405,0,0
15.09.2023 00:46:16.118,1.06408,1.06405,0,0
15.09.2023 00:46:16.225,1.06408,1.06404,0,0
15.09.2023 00:46:16.386,1.06407,1.06404,0,0
15.09.2023 00:46:16.944,1.06408,1.06404,0,0
15.09.2023 00:46:18.310,1.06407,1.06404,0,0
15.09.2023 00:46:18.555,1.06407,1.06405,0,0
15.09.2023 00:46:19.104,1.06407,1.06404,0,0
15.09.2023 00:46:21.343,1.06406,1.06404,0,0
15.09.2023 00:46:21.626,1.06407,1.06404,0,0
15.09.2023 00:46:22.024,1.06406,1.06404,0,0
15.09.2023 00:46:22.244,1.06407,1.06404,0,0
15.09.2023 00:46:22.603,1.06406,1.06404,0,0
15.09.2023 00:46:22.705,1.06407,1.06404,0,0
15.09.2023 00:46:35.969,1.06406,1.06404,0,0
15.09.2023 00:46:36.428,1.06404,1.06403,0,0
15.09.2023 00:46:36.532,1.06404,1.06402,0,0
15.09.2023 00:46:36.635,1.06404,1.06401,0,0
15.09.2023 00:46:36.979,1.06404,1.06402,0,0
15.09.2023 00:46:37.082,1.06403,1.06401,0,0
15.09.2023 00:46:37.287,1.06404,1.06401,0,0
15.09.2023 00:46:40.167,1.06405,1.06402,0,0
15.09.2023 00:46:40.321,1.06406,1.06402,0,0
15.09.2023 00:46:49.232,1.06403,1.06401,0,0
15.09.2023 00:46:55.023,1.06404,1.06402,0,0
15.09.2023 00:46:55.076,1.06405,1.06402,0,0
15.09.2023 00:46:56.004,1.06406,1.06402,0,0
15.09.2023 00:46:58.509,1.06404,1.06402,0,0
15.09.2023 00:46:58.612,1.06403,1.06401,0,0
15.09.2023 00:47:05.082,1.06405,1.06402,0,0
15.09.2023 00:47:05.186,1.06406,1.06402,0,0
15.09.2023 00:47:05.289,1.06406,1.06403,0,0
15.09.2023 00:47:07.286,1.06405,1.06402,0,0
15.09.2023 00:47:07.397,1.06405,1.06401,0,0
15.09.2023 00:47:07.809,1.06405,1.06402,0,0
15.09.2023 00:47:08.006,1.06405,1.06401,0,0
15.09.2023 00:47:08.144,1.06405,1.06402,0,0
15.09.2023 00:47:08.620,1.06405,1.06401,0,0
15.09.2023 00:47:12.326,1.06405,1.06402,0,0
15.09.2023 00:47:12.531,1.06405,1.06401,0,0
15.09.2023 00:47:12.668,1.06405,1.06402,0,0
15.09.2023 00:47:13.888,1.06405,1.06401,0,0
15.09.2023 00:47:14.323,1.06403,1.06401,0,0
15.09.2023 00:47:14.528,1.06403,1.064,0,0
15.09.2023 00:47:16.473,1.06402,1.064,0,0
15.09.2023 00:47:20.747,1.06403,1.064,0,0
15.09.2023 00:47:20.953,1.06402,1.064,0,0
15.09.2023 00:47:21.055,1.06403,1.064,0,0
15.09.2023 00:47:22.339,1.06402,1.064,0,0
15.09.2023 00:47:23.744,1.06403,1.064,0,0
15.09.2023 00:47:24.005,1.06402,1.064,0,0
15.09.2023 00:47:24.108,1.06403,1.064,0,0
15.09.2023 00:47:25.849,1.06402,1.064,0,0
15.09.2023 00:47:31.226,1.06402,1.06399,0,0
15.09.2023 00:47:31.719,1.06402,1.064,0,0
15.09.2023 00:47:32.049,1.06402,1.06399,0,0
15.09.2023 00:47:33.494,1.06402,1.064,0,0
15.09.2023 00:47:33.602,1.06402,1.06399,0,0
15.09.2023 00:47:37.515,1.06402,1.064,0,0
15.09.2023 00:47:37.617,1.06402,1.06399,0,0
15.09.2023 00:47:37.821,1.06402,1.064,0,0
15.09.2023 00:47:38.076,1.06402,1.06399,0,0
15.09.2023 00:47:46.757,1.06401,1.06399,0,0
15.09.2023 00:47:47.992,1.06402,1.06399,0,0
15.09.2023 00:47:48.095,1.06401,1.06399,0,0
15.09.2023 00:47:48.248,1.06401,1.06398,0,0
15.09.2023 00:47:48.402,1.064,1.06398,0,0
15.09.2023 00:47:48.505,1.06401,1.06398,0,0
15.09.2023 00:47:48.608,1.064,1.06398,0,0
15.09.2023 00:47:48.710,1.06401,1.06398,0,0
15.09.2023 00:47:55.682,1.064,1.06398,0,0
15.09.2023 00:47:55.735,1.06399,1.06396,0,0
15.09.2023 00:47:55.837,1.06398,1.06396,0,0
15.09.2023 00:47:55.991,1.06398,1.06395,0,0
15.09.2023 00:47:57.626,1.06397,1.06395,0,0
15.09.2023 00:47:59.979,1.06398,1.06395,0,0
15.09.2023 00:48:02.242,1.06397,1.06394,0,0
15.09.2023 00:48:03.480,1.06398,1.06397,0,0
15.09.2023 00:48:03.584,1.06399,1.06397,0,0
15.09.2023 00:48:03.738,1.06399,1.06396,0,0
15.09.2023 00:48:03.850,1.06399,1.06397,0,0
15.09.2023 00:48:04.004,1.06399,1.06396,0,0
15.09.2023 00:48:04.311,1.06398,1.06396,0,0
15.09.2023 00:48:04.415,1.06398,1.06395,0,0
15.09.2023 00:48:04.897,1.06398,1.06396,0,0
15.09.2023 00:48:05.000,1.06399,1.06396,0,0
15.09.2023 00:48:06.853,1.06399,1.06397,0,0
15.09.2023 00:48:08.613,1.064,1.06397,0,0
15.09.2023 00:48:08.983,1.06401,1.06399,0,0
15.09.2023 00:48:09.086,1.06401,1.06398,0,0
15.09.2023 00:48:09.200,1.06398,1.06396,0,0
15.09.2023 00:48:09.302,1.06398,1.06395,0,0
15.09.2023 00:48:09.507,1.06399,1.06396,0,0
15.09.2023 00:48:10.088,1.06399,1.06397,0,0
15.09.2023 00:48:11.458,1.06399,1.06396,0,0
15.09.2023 00:48:16.928,1.064,1.06397,0,0
15.09.2023 00:48:17.173,1.06399,1.06396,0,0
15.09.2023 00:48:17.276,1.06398,1.06396,0,0
15.09.2023 00:48:17.482,1.06398,1.06395,0,0
15.09.2023 00:48:18.078,1.06397,1.06395,0,0
15.09.2023 00:48:18.181,1.06398,1.06395,0,0
15.09.2023 00:48:20.381,1.06397,1.06394,0,0
15.09.2023 00:48:20.586,1.06396,1.06394,0,0
15.09.2023 00:48:20.689,1.06397,1.06394,0,0
15.09.2023 00:48:21.235,1.06396,1.06394,0,0
15.09.2023 00:48:21.442,1.06397,1.06394,0,0
15.09.2023 00:48:21.545,1.06396,1.06394,0,0
15.09.2023 00:48:21.648,1.06397,1.06394,0,0
15.09.2023 00:48:21.846,1.06396,1.06394,0,0
15.09.2023 00:48:22.457,1.06397,1.06394,0,0
15.09.2023 00:48:23.811,1.06398,1.06394,0,0
15.09.2023 00:48:23.914,1.06397,1.06394,0,0
15.09.2023 00:48:30.136,1.06398,1.06394,0,0
15.09.2023 00:48:30.238,1.06398,1.06395,0,0
15.09.2023 00:48:30.341,1.06398,1.06394,0,0
15.09.2023 00:48:35.299,1.06398,1.06395,0,0
15.09.2023 00:48:35.800,1.06398,1.06394,0,0
15.09.2023 00:48:39.056,1.06397,1.06394,0,0
15.09.2023 00:48:39.929,1.06396,1.06394,0,0
15.09.2023 00:48:40.032,1.06397,1.06394,0,0
15.09.2023 00:48:44.288,1.06398,1.06394,0,0
15.09.2023 00:48:44.391,1.06397,1.06394,0,0
15.09.2023 00:48:47.473,1.06398,1.06394,0,0
15.09.2023 00:48:47.964,1.06397,1.06394,0,0
15.09.2023 00:48:51.911,1.06396,1.06394,0,0
15.09.2023 00:48:52.186,1.06397,1.06394,0,0
15.09.2023 00:48:52.289,1.06396,1.06394,0,0
15.09.2023 00:48:52.695,1.06397,1.06394,0,0
15.09.2023 00:48:54.781,1.06396,1.06394,0,0
15.09.2023 00:48:54.884,1.06394,1.06392,0,0
15.09.2023 00:48:54.936,1.06394,1.06391,0,0
15.09.2023 00:48:55.039,1.06393,1.06391,0,0
15.09.2023 00:48:55.142,1.06394,1.06391,0,0
15.09.2023 00:48:56.873,1.06393,1.06391,0,0
15.09.2023 00:48:57.980,1.06394,1.06391,0,0
15.09.2023 00:48:58.918,1.06393,1.06391,0,0
15.09.2023 00:48:59.020,1.06394,1.06391,0,0
15.09.2023 00:48:59.907,1.06393,1.06391,0,0
15.09.2023 00:49:01.796,1.06395,1.06391,0,0
15.09.2023 00:49:01.898,1.06394,1.06391,0,0
15.09.2023 00:49:02.001,1.06395,1.06391,0,0
15.09.2023 00:49:02.104,1.06394,1.06391,0,0
15.09.2023 00:49:08.171,1.06393,1.06391,0,0
15.09.2023 00:49:08.426,1.06393,1.0639,0,0
15.09.2023 00:49:08.631,1.06392,1.0639,0,0
15.09.2023 00:49:08.735,1.06393,1.0639,0,0
15.09.2023 00:49:12.113,1.06392,1.0639,0,0
15.09.2023 00:49:12.216,1.06392,1.06389,0,0
15.09.2023 00:49:12.761,1.06393,1.0639,0,0
15.09.2023 00:49:12.864,1.06392,1.0639,0,0
15.09.2023 00:49:12.966,1.06393,1.0639,0,0
15.09.2023 00:49:13.120,1.06392,1.0639,0,0
15.09.2023 00:49:13.770,1.06393,1.0639,0,0
15.09.2023 00:49:15.767,1.06394,1.06391,0,0
15.09.2023 00:49:16.307,1.06393,1.06391,0,0
15.09.2023 00:49:18.912,1.06394,1.06391,0,0
15.09.2023 00:49:19.015,1.06393,1.06391,0,0
15.09.2023 00:49:20.754,1.06393,1.0639,0,0
15.09.2023 00:49:26.330,1.06394,1.06393,0,0
15.09.2023 00:49:26.455,1.06396,1.06393,0,0
15.09.2023 00:49:26.559,1.06396,1.06394,0,0
15.09.2023 00:49:26.611,1.06394,1.06392,0,0
15.09.2023 00:49:26.724,1.06393,1.06391,0,0
15.09.2023 00:49:27.081,1.06394,1.06391,0,0
15.09.2023 00:49:27.184,1.06393,1.06391,0,0
15.09.2023 00:49:27.389,1.06394,1.06391,0,0
15.09.2023 00:49:27.492,1.06393,1.06391,0,0
15.09.2023 00:49:28.104,1.06393,1.0639,0,0
15.09.2023 00:49:28.563,1.06393,1.06391,0,0
15.09.2023 00:49:28.804,1.06393,1.0639,0,0
15.09.2023 00:49:29.345,1.06394,1.06392,0,0
15.09.2023 00:49:29.448,1.06395,1.06393,0,0
15.09.2023 00:49:29.907,1.06396,1.06393,0,0
15.09.2023 00:49:30.011,1.06396,1.06394,0,0
15.09.2023 00:49:30.897,1.06397,1.06394,0,0
15.09.2023 00:49:31.111,1.06396,1.06394,0,0
15.09.2023 00:49:31.265,1.06397,1.06394,0,0
15.09.2023 00:49:31.483,1.06397,1.06395,0,0
15.09.2023 00:49:31.586,1.06397,1.06394,0,0
15.09.2023 00:49:31.790,1.06396,1.06394,0,0
15.09.2023 00:49:33.229,1.06397,1.06394,0,0
15.09.2023 00:49:33.449,1.06396,1.06394,0,0
15.09.2023 00:49:33.603,1.06397,1.06394,0,0
15.09.2023 00:49:33.987,1.06396,1.06394,0,0
15.09.2023 00:49:34.117,1.06397,1.06394,0,0
15.09.2023 00:49:34.279,1.06396,1.06394,0,0
15.09.2023 00:49:35.167,1.06397,1.06394,0,0
15.09.2023 00:49:35.321,1.06396,1.06394,0,0
15.09.2023 00:49:35.518,1.06397,1.06394,0,0
15.09.2023 00:49:35.848,1.06396,1.06394,0,0
15.09.2023 00:49:36.004,1.06397,1.06394,0,0
15.09.2023 00:49:36.178,1.06396,1.06394,0,0
15.09.2023 00:49:36.356,1.06397,1.06394,0,0
15.09.2023 00:49:36.672,1.06396,1.06395,0,0
15.09.2023 00:49:36.776,1.06396,1.06394,0,0
15.09.2023 00:49:36.878,1.06397,1.06394,0,0
15.09.2023 00:49:37.111,1.06396,1.06394,0,0
15.09.2023 00:49:37.214,1.06397,1.06394,0,0
15.09.2023 00:49:37.400,1.06396,1.06394,0,0
15.09.2023 00:49:37.577,1.06397,1.06394,0,0
15.09.2023 00:49:37.782,1.06396,1.06394,0,0
15.09.2023 00:49:37.953,1.06397,1.06394,0,0
15.09.2023 00:49:38.114,1.06396,1.06394,0,0
15.09.2023 00:49:38.319,1.06397,1.06394,0,0
15.09.2023 00:49:38.499,1.06396,1.06394,0,0
15.09.2023 00:49:38.678,1.06397,1.06394,0,0
15.09.2023 00:49:38.869,1.06396,1.06394,0,0
15.09.2023 00:49:39.023,1.06395,1.06393,0,0
15.09.2023 00:49:39.075,1.06397,1.06393,0,0
15.09.2023 00:49:39.229,1.06396,1.06393,0,0
15.09.2023 00:49:39.567,1.06397,1.06393,0,0
15.09.2023 00:49:40.188,1.06396,1.06393,0,0
15.09.2023 00:49:40.847,1.06396,1.06394,0,0
15.09.2023 00:49:42.136,1.06397,1.06394,0,0
15.09.2023 00:49:42.299,1.06396,1.06394,0,0
15.09.2023 00:49:45.221,1.06396,1.06393,0,0
15.09.2023 00:49:45.420,1.06397,1.06394,0,0
15.09.2023 00:49:45.523,1.06397,1.06393,0,0
15.09.2023 00:49:45.699,1.06397,1.06394,0,0
15.09.2023 00:49:47.100,1.06398,1.06394,0,0
15.09.2023 00:49:48.147,1.06398,1.06395,0,0
15.09.2023 00:49:49.820,1.06398,1.06396,0,0
15.09.2023 00:49:59.970,1.06398,1.06395,0,0
15.09.2023 00:50:01.976,1.06398,1.06396,0,0
15.09.2023 00:50:02.079,1.06398,1.06395,0,0
15.09.2023 00:50:23.431,1.06398,1.06394,0,0
15.09.2023 00:50:25.187,1.06396,1.06394,0,0
15.09.2023 00:50:26.780,1.06397,1.06394,0,0
15.09.2023 00:50:27.395,1.06396,1.06394,0,0
15.09.2023 00:50:27.622,1.06397,1.06394,0,0
15.09.2023 00:50:30.267,1.06396,1.06394,0,0
15.09.2023 00:50:30.370,1.06394,1.06392,0,0
15.09.2023 00:50:30.473,1.06394,1.06391,0,0
15.09.2023 00:50:30.678,1.06393,1.06391,0,0
15.09.2023 00:50:30.780,1.06393,1.0639,0,0
15.09.2023 00:50:31.418,1.06394,1.0639,0,0
15.09.2023 00:50:31.522,1.06394,1.06391,0,0
15.09.2023 00:50:32.119,1.06393,1.06391,0,0
15.09.2023 00:50:32.222,1.06393,1.0639,0,0
15.09.2023 00:50:35.921,1.06392,1.0639,0,0
15.09.2023 00:50:38.306,1.06393,1.0639,0,0
15.09.2023 00:50:41.460,1.06393,1.06389,0,0
15.09.2023 00:50:42.171,1.06392,1.06388,0,0
15.09.2023 00:50:43.993,1.06392,1.06389,0,0
15.09.2023 00:50:44.616,1.06392,1.06388,0,0
15.09.2023 00:50:44.730,1.06392,1.06389,0,0
15.09.2023 00:50:46.446,1.06392,1.0639,0,0
15.09.2023 00:50:46.890,1.06392,1.06389,0,0
15.09.2023 00:50:46.993,1.06392,1.0639,0,0
15.09.2023 00:50:47.424,1.06393,1.0639,0,0
15.09.2023 00:50:47.527,1.06393,1.06391,0,0
15.09.2023 00:50:47.629,1.06393,1.0639,0,0
15.09.2023 00:50:48.688,1.06393,1.06391,0,0
15.09.2023 00:50:48.818,1.06393,1.0639,0,0
15.09.2023 00:50:49.288,1.06393,1.06391,0,0
15.09.2023 00:50:49.470,1.06394,1.06391,0,0
15.09.2023 00:50:50.116,1.06393,1.06391,0,0
15.09.2023 00:50:51.097,1.06394,1.06391,0,0
15.09.2023 00:50:52.235,1.06391,1.0639,0,0
15.09.2023 00:50:52.288,1.0639,1.06389,0,0
15.09.2023 00:50:52.340,1.06389,1.06387,0,0
15.09.2023 00:50:55.963,1.0639,1.06388,0,0
15.09.2023 00:50:56.167,1.06392,1.06388,0,0
15.09.2023 00:50:56.321,1.06391,1.06388,0,0
15.09.2023 00:50:56.449,1.0639,1.06388,0,0
15.09.2023 00:50:57.309,1.0639,1.06389,0,0
15.09.2023 00:50:57.412,1.0639,1.06388,0,0
15.09.2023 00:50:57.798,1.0639,1.06389,0,0
15.09.2023 00:50:57.901,1.0639,1.06388,0,0
15.09.2023 00:51:02.855,1.0639,1.06389,0,0
15.09.2023 00:51:02.958,1.0639,1.06388,0,0
15.09.2023 00:51:03.870,1.0639,1.06387,0,0
15.09.2023 00:51:03.973,1.06389,1.06387,0,0
15.09.2023 00:51:05.497,1.0639,1.06387,0,0
15.09.2023 00:51:05.614,1.06389,1.06387,0,0
15.09.2023 00:51:08.984,1.0639,1.06387,0,0
15.09.2023 00:51:10.718,1.06389,1.06387,0,0
15.09.2023 00:51:11.231,1.0639,1.06387,0,0
15.09.2023 00:51:11.411,1.06389,1.06387,0,0
15.09.2023 00:51:12.583,1.06388,1.06386,0,0
15.09.2023 00:51:13.354,1.06389,1.06386,0,0
15.09.2023 00:51:13.473,1.06388,1.06386,0,0
15.09.2023 00:51:14.033,1.06389,1.06386,0,0
15.09.2023 00:51:15.493,1.06388,1.06386,0,0
15.09.2023 00:51:16.700,1.06389,1.06386,0,0
15.09.2023 00:51:18.928,1.06388,1.06386,0,0
15.09.2023 00:51:19.387,1.06389,1.06386,0,0
15.09.2023 00:51:22.312,1.06389,1.06387,0,0
15.09.2023 00:51:22.516,1.06389,1.06386,0,0
15.09.2023 00:51:24.136,1.06388,1.06386,0,0
15.09.2023 00:51:25.796,1.06386,1.06385,0,0
15.09.2023 00:51:25.849,1.06385,1.06384,0,0
15.09.2023 00:51:25.901,1.06385,1.06382,0,0
15.09.2023 00:51:26.004,1.06386,1.06383,0,0
15.09.2023 00:51:27.253,1.06386,1.06384,0,0
15.09.2023 00:51:27.550,1.06387,1.06384,0,0
15.09.2023 00:51:28.275,1.06387,1.06382,0,0
15.09.2023 00:51:28.377,1.06386,1.06383,0,0
15.09.2023 00:51:32.049,1.06385,1.06382,0,0
15.09.2023 00:51:32.203,1.06386,1.06382,0,0
15.09.2023 00:51:34.341,1.06386,1.06383,0,0
15.09.2023 00:51:37.379,1.06386,1.06382,0,0
15.09.2023 00:51:37.582,1.06386,1.06383,0,0
15.09.2023 00:51:38.888,1.06386,1.06382,0,0
15.09.2023 00:51:42.151,1.06386,1.06383,0,0
15.09.2023 00:51:42.254,1.06386,1.06382,0,0
15.09.2023 00:51:43.071,1.06386,1.06383,0,0
15.09.2023 00:51:43.174,1.06386,1.06382,0,0
15.09.2023 00:51:43.466,1.06387,1.06382,0,0
15.09.2023 00:51:43.569,1.06386,1.06382,0,0
15.09.2023 00:51:47.208,1.06385,1.06382,0,0
15.09.2023 00:51:47.312,1.06386,1.06382,0,0
15.09.2023 00:51:48.209,1.06385,1.06382,0,0
15.09.2023 00:51:48.312,1.06384,1.06382,0,0
15.09.2023 00:51:52.981,1.06384,1.06381,0,0
15.09.2023 00:51:53.210,1.06384,1.0638,0,0
15.09.2023 00:52:03.521,1.06384,1.06381,0,0
15.09.2023 00:52:03.624,1.06384,1.0638,0,0
15.09.2023 00:52:04.922,1.06384,1.06381,0,0
15.09.2023 00:52:05.025,1.06384,1.0638,0,0
15.09.2023 00:52:08.821,1.06385,1.06382,0,0
15.09.2023 00:52:08.924,1.06385,1.06381,0,0
15.09.2023 00:52:12.712,1.06384,1.06381,0,0
15.09.2023 00:52:12.866,1.06385,1.06381,0,0
15.09.2023 00:52:13.913,1.06384,1.06381,0,0
15.09.2023 00:52:16.159,1.06381,1.06379,0,0
15.09.2023 00:52:16.262,1.06381,1.06377,0,0
15.09.2023 00:52:16.365,1.0638,1.06376,0,0
15.09.2023 00:52:16.899,1.06379,1.06376,0,0
15.09.2023 00:52:17.391,1.0638,1.06376,0,0
15.09.2023 00:52:18.665,1.06381,1.06377,0,0
15.09.2023 00:52:18.769,1.06381,1.06378,0,0
15.09.2023 00:52:18.871,1.06382,1.06379,0,0
15.09.2023 00:52:23.450,1.06382,1.0638,0,0
15.09.2023 00:52:24.385,1.06382,1.06379,0,0
15.09.2023 00:52:24.488,1.06382,1.0638,0,0
15.09.2023 00:52:25.508,1.06384,1.06381,0,0
15.09.2023 00:52:25.611,1.06384,1.0638,0,0
15.09.2023 00:52:31.161,1.06384,1.06381,0,0
15.09.2023 00:52:33.613,1.06384,1.0638,0,0
15.09.2023 00:52:34.138,1.06384,1.06381,0,0
15.09.2023 00:52:36.613,1.06384,1.06382,0,0
15.09.2023 00:52:36.716,1.06385,1.06382,0,0
15.09.2023 00:52:36.924,1.06386,1.06382,0,0
15.09.2023 00:52:37.027,1.06386,1.06383,0,0
15.09.2023 00:52:37.842,1.06387,1.06383,0,0
15.09.2023 00:52:38.009,1.06387,1.06384,0,0
15.09.2023 00:52:39.570,1.06386,1.06384,0,0
15.09.2023 00:52:39.673,1.06387,1.06384,0,0
15.09.2023 00:52:41.154,1.06387,1.06383,0,0
15.09.2023 00:52:41.358,1.06387,1.06384,0,0
15.09.2023 00:52:46.333,1.06386,1.06383,0,0
15.09.2023 00:52:48.103,1.06387,1.06384,0,0
15.09.2023 00:52:50.262,1.06386,1.06384,0,0
15.09.2023 00:52:50.434,1.06386,1.06383,0,0
15.09.2023 00:52:50.840,1.06387,1.06383,0,0
15.09.2023 00:52:50.945,1.06386,1.06384,0,0
15.09.2023 00:52:51.048,1.06386,1.06383,0,0
15.09.2023 00:52:52.621,1.06386,1.06382,0,0
15.09.2023 00:52:53.240,1.06385,1.06382,0,0
15.09.2023 00:52:53.427,1.06385,1.06381,0,0
15.09.2023 00:52:53.893,1.06386,1.06382,0,0
15.09.2023 00:52:54.638,1.06386,1.06383,0,0
15.09.2023 00:52:54.843,1.06386,1.06384,0,0
15.09.2023 00:52:54.946,1.06385,1.06384,0,0
15.09.2023 00:52:56.310,1.06387,1.06384,0,0
15.09.2023 00:52:56.468,1.06384,1.06383,0,0
15.09.2023 00:52:56.520,1.06384,1.06381,0,0
15.09.2023 00:52:56.623,1.06385,1.06381,0,0
15.09.2023 00:52:56.726,1.06384,1.06381,0,0
15.09.2023 00:52:56.859,1.06385,1.06381,0,0
15.09.2023 00:52:57.181,1.06384,1.06381,0,0
15.09.2023 00:53:02.565,1.06384,1.06382,0,0
15.09.2023 00:53:02.668,1.06386,1.06383,0,0
15.09.2023 00:53:08.298,1.06387,1.06383,0,0
15.09.2023 00:53:08.350,1.06387,1.06386,0,0
15.09.2023 00:53:08.505,1.06389,1.06387,0,0
15.09.2023 00:53:08.608,1.0639,1.06387,0,0
15.09.2023 00:53:09.495,1.06389,1.06387,0,0
15.09.2023 00:53:09.598,1.0639,1.06386,0,0
15.09.2023 00:53:09.950,1.0639,1.06387,0,0
15.09.2023 00:53:10.349,1.06389,1.06387,0,0
15.09.2023 00:53:10.761,1.0639,1.06387,0,0
15.09.2023 00:53:13.120,1.06391,1.06388,0,0
15.09.2023 00:53:13.223,1.06391,1.06389,0,0
15.09.2023 00:53:13.326,1.06392,1.06389,0,0
15.09.2023 00:53:14.587,1.06391,1.06389,0,0
15.09.2023 00:53:14.689,1.06391,1.06388,0,0
15.09.2023 00:53:18.610,1.06392,1.06388,0,0
15.09.2023 00:53:18.713,1.0639,1.06388,0,0
15.09.2023 00:53:18.765,1.06392,1.06388,0,0
15.09.2023 00:53:18.867,1.06392,1.06389,0,0
15.09.2023 00:53:31.002,1.06391,1.06389,0,0
15.09.2023 00:53:33.682,1.06393,1.06389,0,0
15.09.2023 00:53:33.734,1.06393,1.06391,0,0
15.09.2023 00:53:39.434,1.06394,1.06392,0,0
15.09.2023 00:53:39.537,1.06395,1.06392,0,0
15.09.2023 00:53:39.640,1.06396,1.06394,0,0
15.09.2023 00:53:39.743,1.06396,1.06393,0,0
15.09.2023 00:53:39.845,1.06396,1.06394,0,0
15.09.2023 00:53:40.152,1.06395,1.06393,0,0
15.09.2023 00:53:40.255,1.06394,1.06392,0,0
15.09.2023 00:53:40.358,1.06395,1.06392,0,0
15.09.2023 00:53:44.627,1.06396,1.06392,0,0
15.09.2023 00:53:45.048,1.06395,1.06392,0,0
15.09.2023 00:53:45.151,1.06396,1.06392,0,0
15.09.2023 00:53:45.571,1.06395,1.06392,0,0
15.09.2023 00:53:47.621,1.06396,1.06393,0,0
15.09.2023 00:53:47.724,1.06396,1.06394,0,0
15.09.2023 00:53:47.979,1.06396,1.06393,0,0
15.09.2023 00:53:51.602,1.06395,1.06393,0,0
15.09.2023 00:53:52.024,1.06395,1.06392,0,0
15.09.2023 00:53:52.946,1.06395,1.06393,0,0
15.09.2023 00:53:53.050,1.06398,1.06395,0,0
15.09.2023 00:53:53.167,1.06398,1.06394,0,0
15.09.2023 00:53:53.496,1.06398,1.06395,0,0
15.09.2023 00:53:53.845,1.06398,1.06394,0,0
15.09.2023 00:53:55.324,1.06398,1.06395,0,0
15.09.2023 00:53:55.428,1.06399,1.06395,0,0
15.09.2023 00:53:55.633,1.06398,1.06396,0,0
15.09.2023 00:54:00.406,1.06401,1.06399,0,0
15.09.2023 00:54:00.509,1.06402,1.06399,0,0
15.09.2023 00:54:00.612,1.06402,1.064,0,0
15.09.2023 00:54:00.766,1.06403,1.064,0,0
15.09.2023 00:54:02.993,1.06402,1.064,0,0
15.09.2023 00:54:03.723,1.06403,1.064,0,0
15.09.2023 00:54:04.222,1.06402,1.064,0,0
15.09.2023 00:54:04.362,1.06403,1.064,0,0
15.09.2023 00:54:05.414,1.06403,1.06401,0,0
15.09.2023 00:54:05.518,1.06405,1.06403,0,0
15.09.2023 00:54:05.673,1.06405,1.06402,0,0
15.09.2023 00:54:05.776,1.06406,1.06403,0,0
15.09.2023 00:54:06.787,1.06405,1.06402,0,0
15.09.2023 00:54:07.935,1.06403,1.06402,0,0
15.09.2023 00:54:08.194,1.06404,1.06403,0,0
15.09.2023 00:54:08.246,1.06407,1.06404,0,0
15.09.2023 00:54:09.460,1.06408,1.06405,0,0
15.09.2023 00:54:09.823,1.06408,1.06406,0,0
15.09.2023 00:54:09.926,1.06409,1.06406,0,0
15.09.2023 00:54:10.072,1.06408,1.06406,0,0
15.09.2023 00:54:10.405,1.06408,1.06405,0,0
15.09.2023 00:54:10.559,1.06407,1.06405,0,0
15.09.2023 00:54:10.663,1.06408,1.06405,0,0
15.09.2023 00:54:10.930,1.06407,1.06405,0,0
15.09.2023 00:54:11.032,1.06408,1.06405,0,0
15.09.2023 00:54:11.298,1.06407,1.06405,0,0
15.09.2023 00:54:11.875,1.06408,1.06405,0,0
15.09.2023 00:54:12.033,1.06407,1.06405,0,0
15.09.2023 00:54:12.136,1.06408,1.06405,0,0
15.09.2023 00:54:12.254,1.06407,1.06405,0,0
15.09.2023 00:54:12.768,1.06405,1.06404,0,0
15.09.2023 00:54:12.871,1.06405,1.06401,0,0
15.09.2023 00:54:13.025,1.06404,1.06401,0,0
15.09.2023 00:54:13.428,1.06405,1.06402,0,0
15.09.2023 00:54:13.531,1.06405,1.06403,0,0
15.09.2023 00:54:15.569,1.06404,1.06401,0,0
15.09.2023 00:54:15.700,1.06403,1.06401,0,0
15.09.2023 00:54:15.803,1.06403,1.06402,0,0
15.09.2023 00:54:15.914,1.06404,1.06402,0,0
15.09.2023 00:54:16.017,1.06403,1.06402,0,0
15.09.2023 00:54:16.569,1.06403,1.06401,0,0
15.09.2023 00:54:19.379,1.06405,1.06402,0,0
15.09.2023 00:54:19.900,1.06406,1.06402,0,0
15.09.2023 00:54:20.004,1.06406,1.06403,0,0
15.09.2023 00:54:20.311,1.06406,1.06404,0,0
15.09.2023 00:54:20.601,1.06407,1.06404,0,0
15.09.2023 00:54:21.132,1.06406,1.06404,0,0
15.09.2023 00:54:21.236,1.06406,1.06403,0,0
15.09.2023 00:54:23.233,1.06407,1.06403,0,0
15.09.2023 00:54:23.336,1.06406,1.06403,0,0
15.09.2023 00:54:23.514,1.06407,1.06404,0,0
15.09.2023 00:54:24.778,1.06406,1.06404,0,0
15.09.2023 00:54:24.882,1.06405,1.06402,0,0
15.09.2023 00:54:24.985,1.06404,1.06402,0,0
15.09.2023 00:54:25.860,1.06403,1.06401,0,0
15.09.2023 00:54:26.790,1.06404,1.06401,0,0
15.09.2023 00:54:26.955,1.06403,1.06401,0,0
15.09.2023 00:54:27.059,1.06402,1.064,0,0
15.09.2023 00:54:27.162,1.06403,1.064,0,0
15.09.2023 00:54:27.712,1.06403,1.06401,0,0
15.09.2023 00:54:27.815,1.06405,1.06401,0,0
15.09.2023 00:54:28.611,1.06405,1.06402,0,0
15.09.2023 00:54:30.525,1.06405,1.06403,0,0
15.09.2023 00:54:30.628,1.06405,1.06402,0,0
15.09.2023 00:54:32.173,1.06404,1.06401,0,0
15.09.2023 00:54:32.276,1.06403,1.064,0,0
15.09.2023 00:54:32.379,1.06403,1.06401,0,0
15.09.2023 00:54:33.337,1.06402,1.064,0,0
15.09.2023 00:54:33.390,1.06402,1.06399,0,0
15.09.2023 00:54:33.545,1.06401,1.06399,0,0
15.09.2023 00:54:33.648,1.06401,1.06398,0,0
15.09.2023 00:54:34.125,1.06402,1.06399,0,0
15.09.2023 00:54:34.777,1.06401,1.06398,0,0
15.09.2023 00:54:35.912,1.06402,1.06399,0,0
15.09.2023 00:54:36.117,1.06401,1.06398,0,0
15.09.2023 00:54:36.479,1.06402,1.06398,0,0
15.09.2023 00:54:36.582,1.06402,1.06399,0,0
15.09.2023 00:54:36.787,1.06401,1.06399,0,0
15.09.2023 00:54:36.890,1.06402,1.06399,0,0
15.09.2023 00:54:36.994,1.06404,1.06401,0,0
15.09.2023 00:54:37.096,1.06405,1.06402,0,0
15.09.2023 00:54:37.302,1.06403,1.064,0,0
15.09.2023 00:54:37.405,1.06402,1.06399,0,0
15.09.2023 00:54:37.628,1.06401,1.06399,0,0
15.09.2023 00:54:37.834,1.06402,1.06399,0,0
15.09.2023 00:54:38.201,1.06402,1.064,0,0
15.09.2023 00:54:38.304,1.06403,1.064,0,0
15.09.2023 00:54:39.366,1.06401,1.064,0,0
15.09.2023 00:54:39.469,1.06402,1.064,0,0
15.09.2023 00:54:40.789,1.06403,1.064,0,0
15.09.2023 00:54:41.535,1.06403,1.06401,0,0
15.09.2023 00:54:42.739,1.06403,1.064,0,0
15.09.2023 00:54:43.287,1.06403,1.06401,0,0
15.09.2023 00:54:43.544,1.06402,1.064,0,0
15.09.2023 00:54:43.699,1.06403,1.064,0,0
15.09.2023 00:54:43.802,1.06403,1.06401,0,0
15.09.2023 00:54:44.386,1.06403,1.064,0,0
15.09.2023 00:54:44.489,1.06401,1.06399,0,0
15.09.2023 00:54:44.542,1.064,1.06397,0,0
15.09.2023 00:54:45.100,1.06398,1.06396,0,0
15.09.2023 00:54:45.305,1.06398,1.06395,0,0
15.09.2023 00:54:45.408,1.06398,1.06396,0,0
15.09.2023 00:54:45.511,1.06398,1.06395,0,0
15.09.2023 00:54:45.665,1.06398,1.06396,0,0
15.09.2023 00:54:45.769,1.064,1.06397,0,0
15.09.2023 00:54:45.872,1.06399,1.06396,0,0
15.09.2023 00:54:46.054,1.06398,1.06396,0,0
15.09.2023 00:54:46.868,1.06399,1.06398,0,0
15.09.2023 00:54:46.920,1.06401,1.06398,0,0
15.09.2023 00:54:47.023,1.06402,1.06398,0,0
15.09.2023 00:54:47.177,1.06401,1.06398,0,0
15.09.2023 00:54:47.280,1.06402,1.06398,0,0
15.09.2023 00:54:47.420,1.06402,1.06399,0,0
15.09.2023 00:54:47.524,1.06401,1.06398,0,0
15.09.2023 00:54:47.627,1.06401,1.06397,0,0
15.09.2023 00:54:47.679,1.06399,1.06396,0,0
15.09.2023 00:54:47.782,1.06398,1.06396,0,0
15.09.2023 00:54:47.834,1.064,1.06396,0,0
15.09.2023 00:54:47.936,1.06399,1.06395,0,0
15.09.2023 00:54:48.090,1.06398,1.06395,0,0
15.09.2023 00:54:48.294,1.06399,1.06395,0,0
15.09.2023 00:54:48.915,1.06406,1.06404,0,0
15.09.2023 00:54:49.018,1.06408,1.06404,0,0
